@article{poggio2004general,
  title={General conditions for predictivity in learning theory},
  author={Poggio, Tomaso and Rifkin, Ryan and Mukherjee, Sayan and Niyogi, Partha},
  journal={Nature},
  volume={428},
  number={6981},
  pages={419--422},
  year={2004}
}

@article{xu2014weakly,
  title={Weakly supervised histopathology cancer image segmentation and classification},
  author = {Xu, Yan and others},
  author2={Xu, Yan and Zhu, Jun-Yan and Chang, Eric I and Lai, Maode and Tu, Zhuowen},
  journal={MedIA},
  volume={18},
  number={3},
  pages={591--604},
  year={2014},
  publisher={Elsevier}
}


@article{fawcett2006introduction,
  title={An introduction to {ROC} analysis},
  author={Fawcett, Tom},
  journal={Pattern Recogn Lett},
  volume={27},
  number={8},
  pages={861--874},
  year={2006},
  publisher={Elsevier}
}


@article{viera2005understanding,
  title={Understanding interobserver agreement: the kappa statistic},
  author={Viera, Anthony J and Garrett, Joanne M},
  journal={Fam Med},
  volume={37},
  number={5},
  pages={360--363},
  year={2005}
}

@article{yu2013stability,
  title={Stability},
  author={Yu, Bin and others},
  journal={Bernoulli},
  volume={19},
  number={4},
  pages={1484--1500},
  year={2013},
  publisher={Bernoulli Society for Mathematical Statistics and Probability}
}

@inproceedings{ben2001stability,
  title={A stability based method for discovering structure in clustered data},
  author={Ben-Hur, Asa and Elisseeff, Andre and Guyon, Isabelle},
  booktitle={Pac Symp Biocomput},
  pages={6--17},
  year={2001}
}



@article{kandemir2014computer,
  title={Computer-aided diagnosis from weak supervision: A benchmarking study},
  author={Kandemir, Melih and Hamprecht, Fred A},
  journal={Comput Med Imag Grap, in press},
  year={2014},
  doi={10.1016/j.compmedimag.2014.11.010}
}


@article{decenciere2014feedback,
  title={Feedback on a publicly distributed image database: the {M}essidor database},
  author={Decenci{\`e}re, Etienne and others},
  author2={Decenci{\`e}re, Etienne and Zhang, Xiwei and Cazuguel, Guy and Lay, Bruno and Cochener, B{\'e}atrice and Trone, Caroline and Gain, Philippe and Ordonez, Richard and Massin, Pascale and Erginay, Ali and Charton, B{\'e}atrice and Klein, Jean-Claude},
  journal={Image Anal Stereol},
  pages={231--234},
  year={2014}
}
%Etienne Decenci�re, Xiwei Zhang, Guy Cazuguel, Bruno Lay, B�atrice Cochener, Caroline Trone, Philippe Gain, Richard Ordonez, Pascale Massin, Ali Erginay, B�atrice Charton, Jean-Claude Klein


@article{ding2012breast,
  title={Breast ultrasound image classification based on multiple-instance learning},
  author={Ding, Jianrui and Cheng, HD and Huang, Jianhua and Liu, Jiafeng and Zhang, Yingtao},
  journal={J Digit Imaging},
  volume={25},
  number={5},
  pages={620--627},
  year={2012},
  publisher={Springer}
}

@article{melendez2014novel,
  title={A novel multiple-instance learning-based approach to computer-aided detection of tuberculosis on chest x-rays},
  author2={Melendez, Jaime and van Ginneken, Bram and Maduskar, Pragnya and Philipsen, Rick H H M and Reither, Klaus and Breuninger, Marianne and Adetifa, Ifedayo M O and Maane, Rahmatulai and Ayles, Helen and Sanchez, Clara I},
  year={2014},
  author={Melendez, Jaime and others},
  journal={TMI},
  volume={31},
  number={1},
  pages={179--192}
}


@incollection{liang2007computer,
  title={Computer aided detection of pulmonary embolism with tobogganing and mutiple instance classification in {CT} pulmonary angiography},
  author={Liang, Jianming and Bi, Jinbo},
  booktitle={IPMI},
  pages={630--641},
  editor={Nico Karssemeijer and Boudewijn P. F. Lelieveldt}, 
  series={LNCS},
	volume={4584},
	publisher={Springer},
  year={2007},
}
@article{wang2012seeing,
  title={Seeing is believing: Video classification for computed tomographic colonography using multiple-instance learning},
  author2={Wang, Shijun and McKenna, Matthew T and Nguyen, Tan B and Burns, Joseph E and Petrick, Nicholas and Sahiner, Berkman and Summers, Ronald M},
  author={Wang, Shijun and others},
  journal={TMI},
  volume={31},
  number={5},
  pages={1141--1153},
  year={2012},
  publisher={IEEE}
}

@article{quellec2012multiple,
  title={A multiple-instance learning framework for diabetic retinopathy screening},
  author2={Quellec, Gw{\'e}nol{\'e} and Lamard, Mathieu and Abr{\`a}moff, Michael D and Decenci{\`e}re, Etienne and Lay, Bruno and Erginay, Ali and Cochener, B{\'e}atrice and Cazuguel, Guy},
  author={Quellec, Gw{\'e}nol{\'e} and others},
  journal={MedIA},
  volume={16},
  number={6},
  pages={1228--1240},
  year={2012},
  publisher={Elsevier}
}

@article{sun2012ecg,
  title={{ECG} analysis using multiple instance learning for myocardial infarction detection},
  author={Sun, Li and Lu, Yanping and Yang, Kaitao and Li, Shaozi},
  journal={IEEE T Biomed Eng},
  volume={59},
  number={12},
  pages={3348--3356},
  year={2012},
  publisher={IEEE}
}

@inproceedings{wu2009min,
  title={A min-max framework of cascaded classifier with multiple instance learning for computer aided diagnosis},
  author={Wu, Dijia and Bi, Jinbo and Boyer, Kim},
  booktitle={CVPR},
  pages={1359--1366},
  year={2009}
}

@article{dundar2008multiple,
  title={Multiple-instance learning algorithms for computer-aided detection},
  author2={Dundar, M Murat and Fung, Glenn and Krishnapuram, Balaji and Rao, R Bharat},
  author={Dundar, M Murat and Fung, Glenn and others},
  journal={IEEE T Biomed Eng},
  volume={55},
  number={3},
  pages={1015--1021},
  year={2008},
  publisher={IEEE}
}

@inproceedings{bi2007multiple,
  title={Multiple instance learning of pulmonary embolism detection with geodesic distance along vascular structure},
  author={Bi, Jinbo and Liang, Jianming},
  booktitle={CVPR},
  pages={1--8},
  year={2007},
}

@article{kalinka2013probability,
  title={The probability of drawing intersections: extending the hypergeometric distribution},
  author={Kalinka, Alex T},
  journal={arXiv preprint arXiv:1305.0717},
  year={2013}
}

@incollection{kandemir2014empowering,
title={Empowering multiple instance histopathology cancer diagnosis by cell graphs},
author={Kandemir, Melih and Zhang, Chong and Hamprecht, Fred A},
booktitle={MICCAI 2014},
year={2014},
pages={228-235},
volume={8674},
series={LNCS},
editor={Golland, Polina and Hata, Nobuhiko and Barillot, Christian and Hornegger, Joachim and Howe, Robert},
publisher={Springer International Publishing},
}


% In: Metaxas, D., Axel, L., Fichtinger, G., Sz�kely, G. (eds.) MICCAI 2008, Part II. LNCS, vol. 5242, pp. 70�78. Springer, Heidelberg (2008) 


@article{kalousis2007stability,
  title={Stability of feature selection algorithms: a study on high-dimensional spaces},
  author={Kalousis, Alexandros and Prados, Julien and Hilario, Melanie},
  journal={Knowledge and information systems},
  volume={12},
  number={1},
  pages={95--116},
  year={2007},
  publisher={Springer}
}

@inproceedings{kuncheva2007stability,
  title={A stability index for feature selection},
  author={Kuncheva, Ludmila I},
  booktitle={Artif Intel Appl},
  pages={421--427},
  year={2007}
}


@inproceedings{dummy,
  title={dummy},
  author={dummy},
  booktitle={dummy},
  pages={dummy},
  year={2014}
}

% This file was created with JabRef 2.10.
% Encoding: Cp1252


@book{duda1999pattern,
  title={Pattern classification},
  author={Duda, Richard O and Hart, Peter E and Stork, David G},
  year={1999},
  publisher={John Wiley \& Sons}
}


@incollection{cheplygina2014network,
  title={Network-Guided Group Feature Selection for Classification of Autism Spectrum Disorder},
  author={Cheplygina, Veronika and Tax, David M J and Loog, Marco and Feragen, Aasa},
  booktitle={Machine Learning in Medical Imaging},
  pages={190--197},
  year={2014},
  publisher={Springer}
}


@article{wolpert1996lack,
  title={The lack of a priori distinctions between learning algorithms},
  author={Wolpert, David H},
  journal={Neural computation},
  volume={8},
  number={7},
  pages={1341--1390},
  year={1996},
  publisher={MIT Press}
}

@incollection{duin2014metric,
  title={Metric Learning in Dissimilarity Space for Improved Nearest Neighbor Performance},
  author={Duin, Robert PW and Bicego, Manuele and Orozco-Alzate, Mauricio and Kim, Sang-Woon and Loog, Marco},
  booktitle={Structural, Syntactic, and Statistical Pattern Recognition},
  pages={183--192},
  year={2014},
  publisher={Springer}
}


@article{ferri2009experimental,
  title={An experimental comparison of performance measures for classification},
  author={Ferri, C{\'e}sar and Hern{\'a}ndez-Orallo, Jos{\'e} and Modroiu, R},
  journal={Pattern Recognition Letters},
  volume={30},
  number={1},
  pages={27--38},
  year={2009},
  publisher={Elsevier}
}




@inproceedings{maaten2013learning,
  title={Learning with marginalized corrupted features},
  author={Maaten, Laurens and Chen, Minmin and Tyree, Stephen and Weinberger, Kilian Q},
  booktitle={Proceedings of the 30th International Conference on Machine Learning (ICML-13)},
  pages={410--418},
  year={2013}
}


@article{alpaydin2014single,
  title = {Single- vs. Multiple-Instance Classification},
  author = {Alpaydin, Ethem and Cheplygina, Veronika and Loog, Marco and Tax, David M. J.},
  journal = {Pattern Recognition, submitted},
  year={2014}
}

@inproceedings{schnitzer2014choosing,
  title={Choosing the Metric in High--Dimensional Spaces Based on Hub Analysis},
  author={Schnitzer, Dominik and Flexer, Arthur},
  booktitle={European Symposium on Artificial Neural Networks},
  
}

@article{erman2007offline,
  title={Offline/realtime traffic classification using semi-supervised learning},
  author={Erman, Jeffrey and Mahanti, Anirban and Arlitt, Martin and Cohen, Ira and Williamson, Carey},
  journal={Performance Evaluation},
  volume={64},
  number={9},
  pages={1194--1213},
  year={2007},
  publisher={Elsevier}
}



@Article{a14ller1988density,
  Title                    = {Density mask. An objective method to quantitate emphysema using computed tomography.},
  Author                   = {{\^A}$1/4$ller, NL M{\~A} and Staples, C A and Miller, R R and Abboud, R T},
  Journal                  = {{CHEST} Journal},
  Year                     = {1988},
  Number                   = {4},
  Pages                    = {782--787},
  Volume                   = {94},

  Publisher                = {American College of Chest Physicians}
}

@Article{aggarwal2001surprising,
  Title                    = {On the surprising behavior of distance metrics in high dimensional space},
  Author                   = {Aggarwal, C. and Hinneburg, A. and Keim, D.},
  Journal                  = {International Conference on Database Theory},
  Year                     = {2001},
  Pages                    = {420--434},

  Publisher                = {Springer}
}

@Book{aggarwal2008general,
  Title                    = {A general survey of privacy-preserving data mining models and algorithms},
  Author                   = {Aggarwal, Charu C and Philip, S Yu},
  Publisher                = {Springer},
  Year                     = {2008}
}

@Article{akbas2011mis,
  Title                    = {MIS-Boost: Multiple Instance Selection Boosting},
  Author                   = {Akbas, Emre and Ghanem, Bernard and Ahuja, Narendra},
  Journal                  = {arXiv preprint arXiv:1109.2388},
  Year                     = {2011}
}

@Article{amores2013multiple,
  Title                    = {Multiple instance classification: Review, taxonomy and comparative study},
  Author                   = {Amores, Jaume},
  Journal                  = {Artificial Intelligence},
  Year                     = {2013},
  Pages                    = {81--105},
  Volume                   = {201},

  Publisher                = {Elsevier}
}

@InProceedings{andrews2002multiple,
  Title                    = {Multiple instance learning with generalized support vector machines},
  Author                   = {Andrews, S. and Hofmann, T. and Tsochantaridis, I.},
  Booktitle                = {National Conference on Artificial Intelligence},
  Year                     = {2002},
  Organization             = {Menlo Park, CA; Cambridge, MA; London; AAAI Press; MIT Press; 1999},
  Pages                    = {943--944}
}

@InProceedings{andrews2002support,
  Title                    = {Support vector machines for multiple-instance learning},
  Author                   = {Andrews, S. and Tsochantaridis, I. and Hofmann, T.},
  Booktitle                = {NIPS},
  Year                     = {2002},
  Pages                    = {561--568}
}

@InProceedings{arandjelovic2006face,
  Title                    = {Face set classification using maximally probable mutual modes},
  Author                   = {Arandjelovic, O. and Cipolla, R.},
  Booktitle                = {International Conference on Pattern Recognition},
  Year                     = {2006},
  Organization             = {IEEE},
  Pages                    = {511--514},
  Volume                   = {1}
}

@InProceedings{babenko2009visual,
  Title                    = {Visual tracking with online multiple instance learning},
  Author                   = {Babenko, Boris and Yang, Ming-Hsuan and Belongie, Serge},
  Booktitle                = {Computer Vision and Pattern Recognition},
  Year                     = {2009},
  Organization             = {IEEE},
  Pages                    = {983--990}
}

@PhdThesis{bailey2001class,
  Title                    = {Class-dependent features and multicategory classification},
  Author                   = {Bailey, A.},
  Year                     = {2001}
}

@Article{balcan2008theory,
  Title                    = {A theory of learning with similarity functions},
  Author                   = {Balcan, Maria-Florina and Blum, Avrim and Srebro, Nathan},
  Journal                  = {Machine Learning},
  Year                     = {2008},
  Number                   = {1-2},
  Pages                    = {89--112},
  Volume                   = {72},

  Publisher                = {Springer}
}

@Article{barshan2011supervised,
  Title                    = {Supervised principal component analysis: Visualization, classification and regression on subspaces and submanifolds},
  Author                   = {Barshan, Elnaz and Ghodsi, Ali and Azimifar, Zohreh and Zolghadri Jahromi, Mansoor},
  Journal                  = {Pattern Recognition},
  Year                     = {2011},
  Number                   = {7},
  Pages                    = {1357--1371},
  Volume                   = {44},

  Publisher                = {Elsevier}
}

@Article{basu2005syntactic,
  Title                    = {Syntactic and Structural Pattern Recognition},
  Author                   = {M. Basu and H. Bunke and A. Del Bimbo},
  Journal                  = {Special Section of IEEE Transaction on Pattern Analysis and Machine Intelligence},
  Year                     = {2005},
  Number                   = {27},
  Volume                   = {7}
}

@InProceedings{belongie2001shape,
  Title                    = {Shape context: A new descriptor for shape matching and object recognition},
  Author                   = {Belongie, Serge and Malik, Jitendra and Puzicha, Jan},
  Booktitle                = {Advances in Neural Information Processing Systems},
  Year                     = {2001},
  Pages                    = {831--837},
  Publisher                = {MIT; 1998}
}

@Article{ben2012multiple,
  Title                    = {Multiple instance learning of Calmodulin binding sites},
  Author                   = {Ben-Hur, A. and others},
  Journal                  = {Bioinformatics},
  Year                     = {2012},
  Number                   = {18},
  Pages                    = {i416--i422},
  Volume                   = {28},

  Publisher                = {Oxford Univ Press}
}

@Article{bertoni2005bio,
  Title                    = {Bio-molecular cancer prediction with random subspace ensembles of support vector machines},
  Author                   = {Bertoni, Alberto and Folgieri, Raffaella and Valentini, Giorgio},
  Journal                  = {Neurocomputing},
  Year                     = {2005},
  Pages                    = {535--539},
  Volume                   = {63},

  Publisher                = {Elsevier}
}

@Article{bhattacharyya2003simultaneous,
  Title                    = {Simultaneous classification and relevant feature identification in high-dimensional spaces: application to molecular profiling data},
  Author                   = {Bhattacharyya, Chiranjib and Grate, LR and Rizki, A and Radisky, D and Molina, FJ and Jordan, Michael I and Bissell, Mina J and Mian, I Saira},
  Journal                  = {Signal Processing},
  Year                     = {2003},
  Number                   = {4},
  Pages                    = {729--743},
  Volume                   = {83},

  Publisher                = {Elsevier}
}

@InCollection{bibby2008robust,
  Title                    = {Robust real-time visual tracking using pixel-wise posteriors},
  Author                   = {Bibby, Charles and Reid, Ian},
  Booktitle                = {European Conference on Computer Vision},
  Publisher                = {Springer},
  Year                     = {2008},
  Pages                    = {831--844}
}

@Conference{borgwardt2005shortest,
  Title                    = {{Shortest-Path Kernels on Graphs}},
  Author                   = {Borgwardt, K.M. and Kriegel, H.P.},
  Booktitle                = {Proc. of ICDM'05},
  Year                     = {2005},
  Publisher                = {IEEE Computer Society}
}

@Article{borgwardt2005protein,
  Title                    = {{Protein Function Prediction via Graph Kernels}},
  Author                   = {Borgwardt, K.M. and Ong, C.S. and Sch\"{o}nauer, S. and Vishwanathan, S.V.N. and Smola, A.J. and Kriegel, H.P.},
  Journal                  = {Bioinformatics},
  Year                     = {2005},
  Pages                    = {i47--i56},
  Volume                   = {21},

  Publisher                = {Oxford Univ Press}
}

@Article{bradley1997use,
  Title                    = {{The use of the area under the {ROC} curve in the evaluation of machine learning algorithms}},
  Author                   = {Bradley, A.P.},
  Journal                  = {Pattern Recognition},
  Year                     = {1997},
  Number                   = {7},
  Pages                    = {1145--1159},
  Volume                   = {30},

  Publisher                = {Elsevier}
}

@Article{breiman2001random,
  Title                    = {Random forests},
  Author                   = {Breiman, Leo},
  Journal                  = {Machine learning},
  Year                     = {2001},
  Number                   = {1},
  Pages                    = {5--32},
  Volume                   = {45},

  Publisher                = {Springer}
}

@InProceedings{briggs2012rank,
  Title                    = {Rank-loss support instance machines for {MIML} instance annotation},
  Author                   = {Briggs, F. and Fern, X.Z. and Raich, R.},
  Booktitle                = {International Conference on Knowledge Discovery and Data Mining},
  Year                     = {2012},
  Organization             = {ACM},
  Pages                    = {534--542}
}

@Article{briggs2012acoustic,
  Title                    = {Acoustic classification of multiple simultaneous bird species: A multi-instance multi-label approach},
  Author                   = {Briggs, F. and Lakshminarayanan, B. and Neal, L. and Fern, X. Z. and Raich, R. and Hadley, S. J. K. and Hadley, A. S. and Betts, M. G.},
  Journal                  = {The Journal of the Acoustical Society of America},
  Year                     = {2012},
  Pages                    = {4640},
  Volume                   = {131}
}

@InProceedings{brossi2012comparison,
  Title                    = {A Comparison of Multiple Instance and Group Based Learning},
  Author                   = {Brossi, Steven D and Bradley, Andrew P},
  Booktitle                = {International Conference on Digital Image Computing Techniques and Applications},
  Year                     = {2012},
  Organization             = {IEEE},
  Pages                    = {1--8}
}

@InCollection{brown2010good,
  Title                    = {�{G}ood� and �bad� diversity in majority vote ensembles},
  Author                   = {Brown, Gavin and Kuncheva, Ludmila I},
  Booktitle                = {Multiple Classifier Systems},
  Publisher                = {Springer},
  Year                     = {2010},
  Pages                    = {124--133}
}

@Article{brown2005diversity,
  Title                    = {Diversity creation methods: a survey and categorisation},
  Author                   = {Brown, Gavin and Wyatt, Jeremy and Harris, Rachel and Yao, Xin},
  Journal                  = {Information Fusion},
  Year                     = {2005},
  Number                   = {1},
  Pages                    = {5--20},
  Volume                   = {6},

  Publisher                = {Elsevier}
}

@Article{budka2011accuracy,
  Title                    = {On accuracy of {PDF} divergence estimators and their applicability to representative data sampling},
  Author                   = {Budka, M. and Gabrys, B. and Musial, K.},
  Journal                  = {Entropy},
  Year                     = {2011},
  Number                   = {7},
  Pages                    = {1229--1266},
  Volume                   = {13}
}

@InProceedings{bunescu2007learning,
  Title                    = {Learning to extract relations from the web using minimal supervision},
  Author                   = {Bunescu, Razvan and Mooney, Raymond},
  Booktitle                = {Annual meeting - association for Computational Linguistics},
  Year                     = {2007},
  Number                   = {1},
  Pages                    = {576},
  Volume                   = {45}
}

@Article{bunke1983inexact,
  Title                    = {Inexact Graph Matching for Structural Pattern Recognition},
  Author                   = {H. Bunke and G. Allermann},
  Journal                  = {Pattern Recognition Letters},
  Year                     = {1983},
  Pages                    = {245-253},
  Volume                   = {1}
}

@Article{bunke2004graph,
  Title                    = {Graph Matching in Pattern Recognition and Machine Vision},
  Author                   = {H. Bunke and T. Caelli},
  Journal                  = {Special Issue of International Journal of Pattern Recognition and Artifitial Intelligence},
  Year                     = {2004},
  Number                   = {3},
  Volume                   = {18}
}

@Article{bunke2011recent,
  Title                    = {Recent Advances in Graph-Based Pattern Recognition with
 Applications in Document Analysis},
  Author                   = {H. Bunke and
 K. Riesen},
  Journal                  = {Pattern Recognition},
  Year                     = {2011},
  Number                   = {5},
  Pages                    = {1057-1067},
  Volume                   = {44}
}

@InCollection{bunke2008graph,
  Title                    = {Graph classification based on dissimilarity space embedding},
  Author                   = {Bunke, Horst and Riesen, Kaspar},
  Booktitle                = {Structural, Syntactic, and Statistical Pattern Recognition},
  Publisher                = {Springer},
  Year                     = {2008},
  Pages                    = {996--1007}
}

@Conference{HK08,
  Title                    = {Graph Classification Based on Dissimilarity Space Embedding},
  Author                   = {H. Bunke and K. Riesen},
  Booktitle                = {Structural, Syntactic, and Statistical Pattern Recognition, Lecture Notes in Computer Science, no. 5342},
  Year                     = {2008},
  Pages                    = {996-1007}
}

@Article{bunke2007family,
  Title                    = {A Family of Novel Graph Kernels for Structural Pattern Recognition},
  Author                   = {Bunke, Horst and Riesen, Kaspar},
  Journal                  = {Pattern Recognition},
  Year                     = {2007},
  Pages                    = {20--31}
}

@Book{bunke1990syntactic,
  Title                    = {Syntactic and Structural Pattern Recognition: Theory and Applications},
  Author                   = {H. Bunke and A. Sanfeliu},
  Publisher                = {Singapore: World Scientific},
  Year                     = {1990}
}

@InProceedings{burghouts2007distribution,
  Title                    = {The distribution family of similarity distances},
  Author                   = {Burghouts, G.J. and Smeulders, A.W.M. and Geusebroek, J.M.},
  Booktitle                = {Advances in Neural Information Processing Systems},
  Year                     = {2007}
}

@Article{caelli2004eigenspace,
  Title                    = {An Eigenspace Projection Clustering Method for Inexact Graph Matching},
  Author                   = {T. Caelli and S. Kosinov},
  Journal                  = {IEEE Transactions on Pattern Analysis and Machine Intelligence},
  Year                     = {2004},
  Pages                    = {515-519},
  Volume                   = {26}
}

@InProceedings{plasencia2013informativeness,
  Title                    = {On the Informativeness of Asymmetric Dissimilarities},
  Author                   = {Yenisel Plasencia Calana and Veronika Cheplygina and Robert P. W. Duin and Edel Garc{\'\i}a-Reyes and Mauricio Orozco-Alzate and David M. J. Tax and Marco Loog},
  Booktitle                = {Similarity-Based Pattern Recognition},
  Year                     = {2013},
  Pages                    = {75--89},
  Publisher                = {Springer}
}

@InProceedings{calana2010prototype,
  Title                    = {Prototype selection for dissimilarity representation by a genetic algorithm},
  Author                   = {Calana, Yenisel Plasencia and Reyes, Edel Garcia and Alzate, Mauricio Orozco and Duin, Robert PW},
  Booktitle                = {International Conference on Pattern Recognition},
  Year                     = {2010},
  Organization             = {IEEE},
  Pages                    = {177--180}
}

@Article{calverley2000copdearly,
  Title                    = {{COPD}: Early detection and intervention},
  Author                   = {Calverley, Peter MA},
  Journal                  = {{CHEST} Journal},
  Year                     = {2000},
  Number                   = {5\_suppl\_2},
  Pages                    = {365S--371S},
  Volume                   = {117},

  Publisher                = {American College of Chest Physicians}
}

@Article{carcassoni2003spectral,
  Title                    = {Spectral correspondence for point pattern matching},
  Author                   = {Carcassoni, Marco and Hancock, Edwin R},
  Journal                  = {Pattern Recognition},
  Year                     = {2003},
  Number                   = {1},
  Pages                    = {193--204},
  Volume                   = {36},

  Publisher                = {Elsevier}
}

@InProceedings{carvalho2005collective,
  Title                    = {On the collective classification of email speech acts},
  Author                   = {Carvalho, Vitor R and Cohen, William W},
  Booktitle                = {International ACM SIGIR Conference on Research and Development in Information Retrieval},
  Year                     = {2005},
  Organization             = {ACM},
  Pages                    = {345--352}
}

@Article{casey2008analysis,
  Title                    = {Analysis of minimum distances in high-dimensional musical spaces},
  Author                   = {Casey, M. and Rhodes, C. and Slaney, M.},
  Journal                  = {Audio, Speech, and Language Processing},
  Year                     = {2008},
  Number                   = {5},
  Pages                    = {1015--1028},
  Volume                   = {16},

  Publisher                = {IEEE}
}

@Article{chang2011libsvm,
  Title                    = {{LIBSVM}: a library for support vector machines},
  Author                   = {Chang, C. C. and Lin, C. J.},
  Journal                  = {ACM Transactions on Intelligent Systems and Technology},
  Year                     = {2011},
  Number                   = {3},
  Pages                    = {27},
  Volume                   = {2}
}

@Article{chapelle2007training,
  Title                    = {Training a support vector machine in the primal},
  Author                   = {Chapelle, Olivier},
  Journal                  = {Neural Computation},
  Year                     = {2007},
  Number                   = {5},
  Pages                    = {1155--1178},
  Volume                   = {19},

  Publisher                = {MIT Press}
}

@Book{chapelle2006semi,
  Title                    = {Semi-supervised learning},
  Author                   = {Chapelle, Olivier and Sch{\"o}lkopf, Bernhard and Zien, Alexander and others},
  Publisher                = {MIT press Cambridge},
  Year                     = {2006},
  Volume                   = {2}
}

@Article{chen2006miles,
  Title                    = {{MILES}: Multiple-instance learning via embedded instance selection},
  Author                   = {Chen, Y. and Bi, J. and Wang, J.Z.},
  Journal                  = {IEEE T Pattern Anal Mach Intel},
  Year                     = {2006},
  Number                   = {12},
  Pages                    = {1931--1947},
  Volume                   = {28},

  Publisher                = {IEEE}
}

@MastersThesis{cheplygina2010random,
  Title                    = {{Random subspace method for one-class classifiers, MSc thesis}},
  Author                   = {Cheplygina, Veronika},
  School                   = {Delft University of Technology},
  Year                     = {2010}
}


@inproceedings{cheplygina2014classification,
	title={Classification of {COPD} with multiple instance learning},
	author2={Veronika Cheplygina and Lauge S{\o}rensen and  David M. J. Tax and Jesper Holst Pedersen and Marco Loog and Marleen de Bruijne},
	author={Veronika Cheplygina and others},
	booktitle={ICPR},
	year={2014},
	pages={1508--1513}
}



@InProceedings{cheplygina2011pruned,
  Title                    = {Pruned random subspace method for one-class classifiers},
  Author                   = {Cheplygina, Veronika and Tax, David M. J.},
  Booktitle                = {Multiple Classifier Systems},
  Year                     = {2011},
  Pages                    = {96--105},
  Publisher                = {Springer}
}

@Article{cheplygina2014dissimilarity,
  Title                    = {Dissimilarity-based ensembles for multiple instance learning},
  Author                   = {Cheplygina, Veronika and Tax, David M. J. and Loog, Marco},
  Journal                  = {IEEE Transactions on Neural Networks and Learning Systems, under review},
  Year                     = {2014}
}

@Article{cheplygina2014multiple,
  Title                    = {Multiple instance learning with bag dissimilarities},
  Author                   = {Cheplygina, Veronika and Tax, David M. J. and Loog, Marco},
  Journal                  = {Pattern Recognition},
  Year                     = {2015},
volume = {48},
number = {1},
pages = {264--275}
}



@Article{cheplygina2014on,
  Title                    = {On classification with bags, groups and sets},
  Author                   = {Cheplygina, Veronika and Tax, David M. J. and Loog, Marco},
  Journal                  = {Pattern Recognition Letters, submitted},
  Year                     = {2014}
}

@InProceedings{cheplygina2013combining,
  Title                    = {Combining instance information to classify bags},
  Author                   = {Cheplygina, Veronika and Tax, David M. J. and Loog, Marco},
  Booktitle                = {Multiple Classifier Systems},
  Year                     = {2013},
  Pages                    = {13--24},
  Publisher                = {Springer}
}

@InProceedings{cheplygina2012class,
  Title                    = {Class-dependent Dissimilarity Measures for Multiple Instance Learning},
  Author                   = {Cheplygina, Veronika and Tax, David M. J. and Loog, Marco},
  Booktitle                = {Structural, Syntactic, and Statistical Pattern Recognition},
  Year                     = {2012},
  Pages                    = {602--610},
  Publisher                = {Springer}
}

@InProceedings{cheplygina2012does,
  Title                    = {Does one rotten apple spoil the whole barrel?},
  Author                   = {Cheplygina, Veronika and Tax, David M. J. and Loog, Marco},
  Booktitle                = {International Conference on Pattern Recognition},
  Year                     = {2012},
  Pages                    = {1156-1159}
}

@Book{chung1997spectral,
  Title                    = {Spectral Graph Theory},
  Author                   = {F.R.K Chung},
  Publisher                = {CBMS Regional Conference Series in Mathematics, No. 92, USA: AMS},
  Year                     = {1997}
}

@Article{cordella2004sub,
  Title                    = {A (sub) graph isomorphism algorithm for matching large graphs},
  Author                   = {Cordella, L. P. and Foggia, P. and Sansone, C. and Vento, M.},
  Journal                  = {IEEE Transactions on Pattern Analysis and Machine Intelligence},
  Year                     = {2004},
  Number                   = {10},
  Pages                    = {1367--1372},
  Volume                   = {26}
}

@Article{cover1967nearest,
  Title                    = {Nearest Neighbor Pattern Classification},
  Author                   = {T.M. Cover and P. Hart},
  Journal                  = {IEEE Transactions on Information Theory},
  Year                     = {1967},
  Number                   = {1},
  Pages                    = {21-27},
  Volume                   = {13}
}

@InProceedings{de2004locally,
  Title                    = {A locally weighted distance measure for example based speech recognition},
  Author                   = {De Wachter, M. and Demuynck, K. and Wambacq, P. and Van Compernolle, D.},
  Booktitle                = {International Conference on Acoustics, Speech, and Signal Processing},
  Year                     = {2004},
  Organization             = {IEEE},
  Pages                    = {I--181},
  Volume                   = {1}
}

@Article{delong1988comparing,
  Title                    = {Comparing the areas under two or more correlated receiver operating characteristic curves: a nonparametric approach},
  Author                   = {DeLong, Elizabeth R and DeLong, David M and Clarke-Pearson, Daniel L},
  Journal                  = {Biometrics},
  Year                     = {1988},
  Pages                    = {837--845},

  Publisher                = {JSTOR}
}

@Article{demsar2006statistical,
  Title                    = {Statistical comparisons of classifiers over multiple data sets},
  Author                   = {Dem{\v{s}}ar, J.},
  Journal                  = {The Journal of Machine Learning Research},
  Year                     = {2006},
  Pages                    = {1--30},
  Volume                   = {7}
}

@Book{devijver1982pattern,
  Title                    = {Pattern Recognition: a Statistical Approach},
  Author                   = {P.A. Devijver and J. Kittler},
  Publisher                = {London: Prentice-Hall},
  Year                     = {1982}
}

@Article{dietterich1997solving,
  Title                    = {Solving the multiple instance problem with axis-parallel rectangles},
  Author                   = {Dietterich, T.G. and Lathrop, R.H. and Lozano-P{\'e}rez, T.},
  Journal                  = {Artificial Intelligence},
  Year                     = {1997},
  Number                   = {1-2},
  Pages                    = {31--71},
  Volume                   = {89},

  Publisher                = {Elsevier}
}

@InProceedings{dinh2012study,
  Title                    = {A study on semi-supervised dissimilarity representation},
  Author                   = {Dinh, V. C. and Duin, R. P. W. and Loog, M.},
  Booktitle                = {International Conference on Pattern Recognition},
  Year                     = {2012},
  Organization             = {IEEE},
  Pages                    = {2861--2864}
}

@Article{domingo2001quantitative,
  Title                    = {A quantitative comparison of disclosure control methods for microdata},
  Author                   = {Domingo-Ferrer, Josep and Torra, Vicenc},
  Journal                  = {Confidentiality, Disclosure and Data Access: Theory and Practical Applications for Statistical Agencies},
  Year                     = {2001},
  Pages                    = {111--134},

  Publisher                = {Amsterdam, Netherlands: North-Holland}
}

@InProceedings{doran2014learning,
  Title                    = {Learning Instance Concepts from Multiple-Instance Data with Bags as Distributions},
  Author                   = {Doran, Gary and Ray, Soumya},
  Booktitle                = {AAAI Conference on Artificial Intelligence},
  Year                     = {2014}
}

@InProceedings{doran2013smile,
  Title                    = {SMILe: Shuffled Multiple-Instance Learning.},
  Author                   = {Doran, Gary and Ray, Soumya},
  Booktitle                = {AAAI},
  Year                     = {2013}
}

@InProceedings{dubuisson1994modified,
  Title                    = {A modified {Hausdorff} distance for object matching},
  Author                   = {Dubuisson, M. P. and Jain, A. K.},
  Booktitle                = {International Conference on Pattern Recognition},
  Year                     = {1994},
  Pages                    = {566--568},
  Volume                   = {1}
}

@Book{duda2001pattern,
  Title                    = {Pattern Classification},
  Author                   = {R.O. Duda and P.E. Hart and D.G. Stork},
  Publisher                = {New York: John Wiley and Sons},
  Year                     = {2001}
}

@Misc{distools,
  Title                    = {{Dis}-{T}ools},

  Author                   = {Duin, R.P.W. and Pekalska, E.},
  Year                     = {2009},

  Publisher                = {Delft University of Technology}
}

@InProceedings{duin2002combining,
  Title                    = {The combining classifier: to train or not to train?},
  Author                   = {Duin, Robert P W},
  Booktitle                = {International Conference on Pattern Recognition},
  Year                     = {2002},
  Organization             = {IEEE},
  Pages                    = {765--770},
  Volume                   = {2}
}

@Misc{prtools,
  Title                    = {{PRTools, A MATLAB toolbox for pattern recognition}},

  Author                   = {Duin, R P W and Juszczak, P and Paclik, P and Pekalska, E and De Ridder, D and Tax, D M J and Verzakov, S},
  HowPublished             = {online, http://www.prtools.org},
  Year                     = {2013}
}

@Article{duin2012dissimilarity,
  Title                    = {The dissimilarity space: Bridging structural and statistical pattern recognition},
  Author                   = {Duin, Robert P W and P{\k{e}}kalska, El{\.z}bieta},
  Journal                  = {Pattern Recognition Letters},
  Year                     = {2012},
  Number                   = {7},
  Pages                    = {826--832},
  Volume                   = {33},

  Publisher                = {Elsevier}
}

@InProceedings{duin2000experiments,
  Title                    = {{Experiments with classifier combining rules}},
  Author                   = {Duin, R. P W and Tax, D. M J},
  Booktitle                = {Multiple Classifier Systems},
  Year                     = {2000},
  Pages                    = {16--29},
  Publisher                = {Springer}
}

@Article{eiter1997distance,
  Title                    = {Distance measures for point sets and their computation},
  Author                   = {Eiter, T. and Mannila, H.},
  Journal                  = {Acta Informatica},
  Year                     = {1997},
  Number                   = {2},
  Pages                    = {109--133},
  Volume                   = {34},

  Publisher                = {Springer}
}

@InProceedings{elkan2008learning,
  Title                    = {Learning classifiers from only positive and unlabeled data},
  Author                   = {Elkan, Charles and Noto, Keith},
  Booktitle                = {International Conference on Knowledge Discovery and Data Mining},
  Year                     = {2008},
  Organization             = {ACM},
  Pages                    = {213--220}
}

@InCollection{erdem2011multiple,
  Title                    = {Multiple-instance learning with instance selection via dominant sets},
  Author                   = {Erdem, Aykut and Erdem, Erkut},
  Booktitle                = {Similarity-Based Pattern Recognition},
  Publisher                = {Springer},
  Year                     = {2011},
  Pages                    = {177--191}
}

@Article{erman2007offline,
  Title                    = {Offline/realtime traffic classification using semi-supervised learning},
  Author                   = {Erman, J. and Mahanti, A. and Arlitt, M. and Cohen, I. and Williamson, C.},
  Journal                  = {Performance Evaluation},
  Year                     = {2007},
  Number                   = {9-12},
  Pages                    = {1194--1213},
  Volume                   = {64},

  Publisher                = {Elsevier}
}

@InProceedings{feragen2013geometric,
  Title                    = {Geometric tree kernels: Classification of {COPD} from airway tree geometry},
  Author                   = {Feragen, Aasa and Petersen, Jens and Grimm, Dominik and Dirksen, Asger and Pedersen, Jesper Holst and Borgwardt, Karsten and de Bruijne, Marleen},
  Booktitle                = {Information Processing in Medical Imaging},
  Year                     = {2013},
  Pages                    = {171--183}
}

@InProceedings{foggia2010,
  Title                    = {Early experiences in mitotic cells recognition on HEp-2 
slides},
  Author                   = {Foggia, P. and Percannella, G. and Soda, P. and Vento, M.},
  Booktitle                = {Computer-Based Medical Systems},
  Year                     = {2010},
  Month                    = {oct.},
  Pages                    = {38 -43}
}

@Article{foulds2010review,
  Title                    = {A review of multi-instance learning assumptions},
  Author                   = {Foulds, J. and Frank, E.},
  Journal                  = {Knowledge Engineering Review},
  Year                     = {2010},
  Number                   = {1},
  Pages                    = {1},
  Volume                   = {25},

  Publisher                = {Cambridge Univ Press}
}

@InProceedings{foulds2008revisiting,
  Title                    = {Revisiting multiple-instance learning via embedded instance selection},
  Author                   = {Foulds, James and Frank, Eibe},
  Booktitle                = {Advances in Artificial Intelligence},
  Year                     = {2008},
  Pages                    = {300--310},
  Publisher                = {Springer}
}

@InProceedings{foulds2011multi,
  Title                    = {Multi-Instance Mixture Models and Semi-Supervised Learning},
  Author                   = {Foulds, J. and Smyth, P.},
  Booktitle                = {International Conference on Data Mining},
  Year                     = {2011},
  Pages                    = {606--617}
}

@InProceedings{foulds2011multi,
  Title                    = {Multi-Instance Mixture Models and Semi-Supervised Learning},
  Author                   = {Foulds, J. and Smyth, P.},
  Booktitle                = {International Conference on Data Mining},
  Year                     = {2011},
  Pages                    = {606--617}
}

@Article{fu2012implementation,
  Title                    = {Implementation of multiple-instance learning in drug activity prediction},
  Author                   = {Fu, Gang and Nan, Xiaofei and Liu, Haining and Patel, Ronak and Daga, Pankaj and Chen, Yixin and Wilkins, Dawn and Doerksen, Robert},
  Journal                  = {BMC Bioinformatics},
  Year                     = {2012},
  Number                   = {Suppl 15},
  Pages                    = {S3},
  Volume                   = {13},

  Publisher                = {BioMed Central Ltd}
}

@Article{fu2010milis,
  Title                    = {MILIS: Multiple instance learning with instance selection},
  Author                   = {Fu, Z. and Robles-Kelly, A. and Zhou, J.},
  Journal                  = {IEEE Transactions on Pattern Analysis and Machine Intelligence},
  Year                     = {2010},
  Number                   = {99},
  Pages                    = {1--1},

  Publisher                = {IEEE}
}

@Book{fukunaga1990introduction,
  Title                    = {Introduction to statistical pattern recognition},
  Author                   = {Fukunaga, Keinosuke},
  Publisher                = {Academic press},
  Year                     = {1990}
}

@InProceedings{fung2007multiple,
  Title                    = {Multiple instance learning for computer aided diagnosis},
  Author                   = {Fung, Glenn and Dundar, Murat and Krishnapuram, Balaji and Rao, R Bharat},
  Booktitle                = {Advances in Neural Information Processing Systems},
  Year                     = {2007},
  Pages                    = {425},
  Volume                   = {19}
}

@InProceedings{gartner2002multi,
  Title                    = {Multi-instance kernels},
  Author                   = {G{\"a}rtner, T. and Flach, P. A. and Kowalczyk, A. and Smola, A. J.},
  Booktitle                = {International Conference on Machine Learning},
  Year                     = {2002},
  Pages                    = {179--186}
}

@Article{gartner2005predictive,
  Title                    = {{Predictive Graph Mining with Kernel Methods}},
  Author                   = {Gartner, Thomas},
  Journal                  = {Advanced methods for knowledge discovery from complex data},
  Year                     = {2005},
  Pages                    = {95--121},

  Publisher                = {Springer}
}

@Conference{gartner2003graph,
  Title                    = {{On Graph Kernels: Hardness Results and Efficient Alternatives}},
  Author                   = {Gartner, T. and Flach, P. and Wrobel, S.},
  Booktitle                = {Proc. of COLT/Kernel'03},
  Year                     = {2003},
  Publisher                = {Springer Verlag}
}

@Article{gehler2006deterministic,
  Title                    = {Deterministic annealing for multiple-instance learning},
  Author                   = {Gehler, P. and Chapelle, O.},
  Year                     = {2006}
}

@InProceedings{gehler2007deterministic,
  Title                    = {Deterministic annealing for multiple-instance learning},
  Author                   = {Gehler, Peter V and Chapelle, Olivier},
  Booktitle                = {International Conference on Artificial Intelligence and Statistics},
  Year                     = {2007},
  Pages                    = {123--130}
}

@Article{van2002automatic,
  Title                    = {Automatic detection of abnormalities in chest radiographs using local texture analysis},
  Author                   = {van Ginneken, Bram and Katsuragawa, Shigehiko and ter Haar Romeny, Bart M and Doi, Kunio and Viergever, Max A},
  Journal                  = {IEEE Transactions on Medical Imaging},
  Year                     = {2002},
  Number                   = {2},
  Pages                    = {139--149},
  Volume                   = {21}
}

@Article{grauman2007pyramid,
  Title                    = {The pyramid match kernel: Efficient learning with sets of features},
  Author                   = {Grauman, Kristen and Darrell, Trevor},
  Journal                  = {Journal of Machine Learning Research},
  Year                     = {2007},
  Pages                    = {725--760},
  Volume                   = {8},

  Publisher                = {JMLR. org}
}

@Article{gumbel1958statistics,
  Title                    = {Statistics of extremes},
  Author                   = {Gumbel, E.J.},
  Year                     = {1958},

  Publisher                = {Columbia University Press (New York)}
}

@Article{guyon2002gene,
  Title                    = {Gene selection for cancer classification using support vector machines},
  Author                   = {Guyon, Isabelle and Weston, Jason and Barnhill, Stephen and Vapnik, Vladimir},
  Journal                  = {Machine learning},
  Year                     = {2002},
  Number                   = {1-3},
  Pages                    = {389--422},
  Volume                   = {46},

  Publisher                = {Springer}
}

@InCollection{hullermeier2005learning,
  Title                    = {Learning from ambiguously labeled examples},
  Author                   = {H{\"u}llermeier, Eyke and Beringer, J{\"u}rgen},
  Booktitle                = {Advances in Intelligent Data Analysis VI},
  Publisher                = {Springer},
  Year                     = {2005},
  Pages                    = {168--179}
}

@Article{ham2005investigation,
  Title                    = {Investigation of the random forest framework for classification of hyperspectral data},
  Author                   = {Ham, Jisoo and Chen, Yangchi and Crawford, Melba M and Ghosh, Joydeep},
  Journal                  = {IEEE Transactions on Geoscience and Remote Sensing},
  Year                     = {2005},
  Number                   = {3},
  Pages                    = {492--501},
  Volume                   = {43},

  Publisher                = {IEEE}
}

@Article{hardie2002risk,
  Title                    = {Risk of over-diagnosis of {COPD} in asymptomatic elderly never-smokers},
  Author                   = {Hardie, J A and Buist, A S and Vollmer, W M and Ellingsen, I and Bakke, P S and M{\o}rkve, O},
  Journal                  = {European Respiratory Journal},
  Year                     = {2002},
  Number                   = {5},
  Pages                    = {1117--1122},
  Volume                   = {20},

  Publisher                = {European Respiratory Society}
}

@Conference{Harris,
  Title                    = {A Combined Corner and Edge Detector},
  Author                   = {C. Harris and M. Stephens},
  Booktitle                = {Proceedings of the 4th Alvey Vision Conference},
  Year                     = {1988},
  Pages                    = {147-151}
}

@Article{hart1968formal,
  Title                    = {A Formal Basis for the Heuristic Determination of Minimum Cost Paths},
  Author                   = {P. E. Hart and N. J. Nilson and B. Raphael},
  Journal                  = {IEEE Transactions of Systems, Science, and Cybernetics},
  Year                     = {1968},
  Number                   = {2},
  Pages                    = {100-107},
  Volume                   = {4}
}

@Book{hastie2001elements,
  Title                    = {The Elements of Statistical Learning},
  Author                   = {T. Hastie and R. Tibshirani and J. Friedman},
  Publisher                = {New York: Springer-Verlag},
  Year                     = {2001}
}

@InProceedings{he2004multiscale,
  Title                    = {Multiscale conditional random fields for image labeling},
  Author                   = {He, Xuming and Zemel, Richard S and Carreira-Perpin{\'a}n, Miguel A},
  Booktitle                = {Computer Vision and Pattern Recognition},
  Year                     = {2004},
  Organization             = {IEEE},
  Pages                    = {II--695},
  Volume                   = {2}
}

@Article{ho1998random,
  Title                    = {{The random subspace method for constructing decision forests}},
  Author                   = {Ho, T.K.},
  Journal                  = {IEEE Transactions on Pattern Analysis and Machine Intelligence},
  Year                     = {1998},
  Number                   = {8},
  Pages                    = {832--844},
  Volume                   = {20},

  Publisher                = {Citeseer}
}

@Article{hoffmann2010new,
  Title                    = {A new protein binding pocket similarity measure based on comparison of clouds of atoms in 3D: application to ligand prediction},
  Author                   = {Hoffmann, Brice and Zaslavskiy, Mikhail and Vert, Jean-Philippe and Stoven, V{\'e}ronique},
  Journal                  = {BMC Bioinformatics},
  Year                     = {2010},
  Number                   = {1},
  Pages                    = {99},
  Volume                   = {11},

  Publisher                = {BioMed Central Ltd}
}

@Conference{horvath2004cyclic,
  Title                    = {{Cyclic Pattern Kernels for Predictive Graph Mining}},
  Author                   = {Horv\'{a}th, T. and G\"{a}rtner, T. and Wrobel, S.},
  Booktitle                = {Proc. of KDD'04},
  Year                     = {2004},
  Organization             = {ACM},
  Pages                    = {158--167},

  ISBN                     = {1581138881}
}

@Article{huang2005using,
  Title                    = {Using {AUC} and accuracy in evaluating learning algorithms},
  Author                   = {Huang, J. and Ling, C. X.},
  Journal                  = {IEEE Transactions on Knowledge and Data Engineering},
  Year                     = {2005},
  Number                   = {3},
  Pages                    = {299--310},
  Volume                   = {17},

  Publisher                = {IEEE}
}

@Article{huttenlocher1993comparing,
  Title                    = {Comparing images using the {Hausdorff} distance},
  Author                   = {Huttenlocher, D. P. and Klanderman, G. A. and Rucklidge, W. J.},
  Journal                  = {IEEE Transactions on Pattern Analysis and Machine Intelligence},
  Year                     = {1993},
  Number                   = {9},
  Pages                    = {850--863},
  Volume                   = {15},

  Publisher                = {IEEE}
}

@InProceedings{ibba2010study,
  Title                    = {A study on combining sets of differently measured dissimilarities},
  Author                   = {Ibba, A. and Duin, R. P. W. and Lee, W.J.},
  Booktitle                = {International Conference on Pattern Recognition},
  Year                     = {2010},
  Pages                    = {3360--3363}
}

@Article{jacobs2000classification,
  Title                    = {Classification with nonmetric distances: Image retrieval and class representation},
  Author                   = {Jacobs, David W and Weinshall, Daphna and Gdalyahu, Yoram},
  Journal                  = {Pattern Analysis and Machine Intelligence, IEEE Transactions on},
  Year                     = {2000},
  Number                   = {6},
  Pages                    = {583--600},
  Volume                   = {22},

  Publisher                = {IEEE}
}

@Article{jain2000statistical,
  Title                    = {Statistical pattern recognition: A review},
  Author                   = {Jain, Anil K and Duin, Robert P. W. and Mao, Jianchang},
  Journal                  = {IEEE Transactions on Pattern Analysis and Machine Intelligence},
  Year                     = {2000},
  Number                   = {1},
  Pages                    = {4--37},
  Volume                   = {22},

  Publisher                = {IEEE}
}

@InProceedings{jebara2003images,
  Title                    = {Images as bags of pixels},
  Author                   = {Jebara, Tony},
  Booktitle                = {International Conference on Computer Vision},
  Year                     = {2003},
  Pages                    = {265--272}
}

@InProceedings{jie2010learning,
  Title                    = {Learning from candidate labeling sets},
  Author                   = {Jie, Luo and Orabona, Francesco},
  Booktitle                = {Advances in Neural Information Processing Systems},
  Year                     = {2010},
  Volume                   = {10}
}

@InCollection{kalkan2012automated,
  Title                    = {Automated Colorectal Cancer Diagnosis for Whole-Slice Histopathology},
  Author                   = {Kalkan, Habil and Nap, Marius and Duin, Robert P. W. and Loog, Marco},
  Booktitle                = {Medical Image Computing and Computer-Assisted Intervention},
  Publisher                = {Springer},
  Year                     = {2012},
  Pages                    = {550--557}
}

@inproceedings{kalkan2012automated2,
  title={Automated classification of local patches in colon histopathology},
  author={Kalkan, Habil and Nap, Marius and Duin, Robert P W and Loog, Marco},
  booktitle={Pattern Recognition (ICPR), 2012 21st International Conference on},
  pages={61--64},
  year={2012},
  organization={IEEE}
}

@phdthesis{marques2013osteoarthritis,
  title={Osteoarthritis imaging by quantification of tibial trabecular bone},
  author={Marques, Joselene},
  school={K{\o}benhavns Universitet},
  year={2013}
}

@Article{kandel2007applied,
  Title                    = {Applied Graph Theory in Computer Vision and Pattern Recognition},
  Author                   = {A. Kandel and H. Bunke and M. Last},
  Journal                  = { Studies in Computational Intelligence},
  Year                     = {2007},
  Volume                   = {52}
}

@Conference{kashima2003marginalized,
  Title                    = {{Marginalized Kernels Between Labeled Graphs}},
  Author                   = {Kashima, H. and Tsuda, K. and Inokuchi, A.},
  Booktitle                = {International Conference on Machine Learning},
  Year                     = {2003},
  Pages                    = {321},
  Volume                   = {3}
}

@Article{kim2007discriminative,
  Title                    = {Discriminative learning and recognition of image set classes using canonical correlations},
  Author                   = {Kim, Tae-Kyun and Kittler, Josef and Cipolla, Roberto},
  Journal                  = {IEEE Transactions on Pattern Analysis and Machine Intelligence},
  Year                     = {2007},
  Number                   = {6},
  Pages                    = {1005--1018},
  Volume                   = {29},

  Publisher                = {IEEE}
}

@Book{kindermann1980markov,
  Title                    = {Markov random fields and their applications},
  Author                   = {Kindermann, Ross and Snell, James Laurie and others},
  Publisher                = {American Mathematical Society Providence, RI},
  Year                     = {1980},
  Volume                   = {1}
}

@Article{kittler1998combining,
  Title                    = {{Combining classifiers: A theoretical framework}},
  Author                   = {Kittler, J.},
  Journal                  = {Pattern Analysis \& Applications},
  Year                     = {1998},
  Number                   = {1},
  Pages                    = {18--27},
  Volume                   = {1},

  Publisher                = {Springer}
}

@InProceedings{kondor2003kernel,
  Title                    = {A kernel between sets of vectors},
  Author                   = {Kondor, Risi and Jebara, Tony},
  Booktitle                = {International Conference on Machine Learning},
  Year                     = {2003},
  Pages                    = {361},
  Volume                   = {20}
}

@Conference{kondor2002diffusion,
  Title                    = {{Diffusion Kernels on Graphs and Other Discrete Input Spaces}},
  Author                   = {Kondor, R.I. and Lafferty, J.},
  Booktitle                = {ICML},
  Year                     = {2002},
  Organization             = {Citeseer},
  Pages                    = {315--322}
}

@Article{kotsiantis2007supervised,
  Title                    = {Supervised machine learning: A review of classification techniques},
  Author                   = {Kotsiantis, S B and Zaharakis, I D and Pintelas, P E},
  Journal                  = {Frontiers in Artificial Intelligence and Applications},
  Year                     = {2007},
  Pages                    = {3},
  Volume                   = {160},

  Publisher                = {IOS Press}
}

@InProceedings{kriegel2004classification,
  Title                    = {Classification of websites as sets of feature vectors},
  Author                   = {Kriegel, Hans-Peter and Schubert, Matthias},
  Booktitle                = {Databases and Applications},
  Year                     = {2004},
  Pages                    = {127--132}
}

@InProceedings{kuck2005learning,
  Title                    = {Learning about individuals from group statistics},
  Author                   = {Kuck, Hendrik and de Freitas, Nando},
  Booktitle                = {Uncertainty in Artificial Intelligence},
  Year                     = {2005},
  Pages                    = {332--339}
}

@InProceedings{kummamuru2005learning,
  Title                    = {On learning asymmetric dissimilarity measures},
  Author                   = {Kummamuru, K. and Krishnapuram, R. and Agrawal, R.},
  Booktitle                = {International Conference on Data Mining},
  Year                     = {2005},
  Organization             = {IEEE},
  Pages                    = {4--pp}
}

@Article{kuncheva2010full,
  Title                    = {Full-class set classification using the Hungarian algorithm},
  Author                   = {Kuncheva, L.I.},
  Journal                  = {International Journal of Machine Learning and Cybernetics},
  Year                     = {2010},
  Number                   = {1},
  Pages                    = {53--61},
  Volume                   = {1},

  Publisher                = {Springer}
}

@Article{kuncheva2007combining,
  Title                    = {Combining pattern classifiers: Methods and algorithms (kuncheva, li; 2004)[book review]},
  Author                   = {Kuncheva, Ludmila Ilieva},
  Journal                  = {IEEE Transactions on Neural Networks},
  Year                     = {2007},
  Number                   = {3},
  Pages                    = {964--964},
  Volume                   = {18},

  Publisher                = {IEEE}
}

@Article{kuncheva2010random,
  Title                    = {Random subspace ensembles for fMRI classification},
  Author                   = {Kuncheva, Ludmila I and Rodr{\'\i}guez, Juan J and Plumpton, Catrin O and Linden, David EJ and Johnston, Stephen J},
  Journal                  = {IEEE Transactions on Medical Imaging},
  Year                     = {2010},
  Number                   = {2},
  Pages                    = {531--542},
  Volume                   = {29},

  Publisher                = {IEEE}
}

@Article{kuncheva2003measures,
  Title                    = {Measures of diversity in classifier ensembles and their relationship with the ensemble accuracy},
  Author                   = {Kuncheva, Ludmila I and Whitaker, Christopher J},
  Journal                  = {Machine Learning},
  Year                     = {2003},
  Number                   = {2},
  Pages                    = {181--207},
  Volume                   = {51},

  Publisher                = {Springer}
}

@InCollection{kwitt2014we,
  Title                    = {Do We Need Annotation Experts? A Case Study in Celiac Disease Classification},
  Author                   = {Kwitt, Roland and Hegenbart, Sebastian and Rasiwasia, Nikhil and V{\'e}csei, Andreas and Uhl, Andreas},
  Booktitle                = {Medical Image Computing and Computer-Assisted Intervention--MICCAI 2014},
  Publisher                = {Springer},
  Year                     = {2014},
  Pages                    = {454--461}
}

@InProceedings{lafferty2001conditional,
  Title                    = {Conditional random fields: Probabilistic models for segmenting and labeling sequence data},
  Author                   = {Lafferty, John and McCallum, Andrew and Pereira, Fernando C N},
  Booktitle                = {International Conference on Machine Learning},
  Year                     = {2001},
  Pages                    = {282--289}
}

@Article{lai2006random,
  Title                    = {Random subspace method for multivariate feature selection},
  Author                   = {Lai, Carmen and Reinders, Marcel J T and Wessels, Lodewyk},
  Journal                  = {Pattern Recognition Letters},
  Year                     = {2006},
  Number                   = {10},
  Pages                    = {1067--1076},
  Volume                   = {27},

  Publisher                = {Elsevier}
}

@Conference{lee2008inexact,
  Title                    = {An Inexact Graph Comparison Approach in Joint Eigenspace},
  Author                   = {W.J. Lee and R.P.W. Duin},
  Booktitle                = {Structural, Syntactic, and Statistical Pattern Recognition, Lecture Notes in Computer Science, no. 5342},
  Year                     = {2008},
  Pages                    = {35-44}
}

@Article{lee2012bridging,
  Title                    = {Bridging structure and feature representations in graph matching},
  Author                   = {Lee, Wan-Jui and Cheplygina, Veronika and Tax, David M J and Loog, Marco and Duin, Robert P W},
  Journal                  = {International Journal of Pattern Recognition and Artificial Intelligence},
  Year                     = {2012},
  Number                   = {05},
  Volume                   = {26},

  Publisher                = {World Scientific}
}

@InCollection{leistner2010miforests,
  Title                    = {MIForests: Multiple-instance learning with randomized trees},
  Author                   = {Leistner, Christian and Saffari, Amir and Bischof, Horst},
  Booktitle                = {Computer Vision--ECCV 2010},
  Publisher                = {Springer},
  Year                     = {2010},
  Pages                    = {29--42}
}

@InProceedings{li2010convex,
  Title                    = {Convex multiple-instance learning by estimating likelihood ratio},
  Author                   = {Li, F. and Sminchisescu, C.},
  Booktitle                = {Advances in Neural Information Processing Systems},
  Year                     = {2010},
  Pages                    = {1360--1368}
}

@InCollection{li2013link,
  Title                    = {The Link between Multiple-Instance Learning and Learning from Only Positive and Unlabelled Examples},
  Author                   = {Li, Yan and Tax, D M J and Duin, R P W and Loog, Marco},
  Booktitle                = {Multiple Classifier Systems},
  Publisher                = {Springer Berlin Heidelberg},
  Year                     = {2013},
  Pages                    = {157-166},
  Volume                   = {7872}
}

@Article{li2012multiple,
  Title                    = {Multiple-instance learning as a classifier combining problem},
  Author                   = {Li, Yan and Tax, David M J and Duin, Robert P W and Loog, Marco},
  Journal                  = {Pattern Recognition},
  Year                     = {2012},

  Publisher                = {Elsevier}
}

@Article{lindorff2009similarity,
  Title                    = {Similarity measures for protein ensembles},
  Author                   = {Lindorff-Larsen, Kresten and Ferkinghoff-Borg, Jesper},
  Journal                  = {PloS One},
  Year                     = {2009},
  Number                   = {1},
  Pages                    = {e4203},
  Volume                   = {4},

  Publisher                = {Public Library of Science}
}

@Article{littlestone1988learning,
  Title                    = {Learning quickly when irrelevant attributes abound: A new linear-threshold algorithm},
  Author                   = {Littlestone, N.},
  Journal                  = {Machine Learning},
  Year                     = {1988},
  Number                   = {4},
  Pages                    = {285--318},
  Volume                   = {2},

  Publisher                = {Springer}
}

@InProceedings{loog2004static,
  Title                    = {Static posterior probability fusion for signal detection: applications in the detection of interstitial diseases in chest radiographs},
  Author                   = {Loog, M. and Van Ginneken, B.},
  Booktitle                = {International Conference on Pattern Recognition},
  Year                     = {2004},
  Pages                    = {644--647},
  Volume                   = {1}
}

@Article{lowe2004distinctive,
  Title                    = {Distinctive Image Features from Scale-Invariant Keypoints},
  Author                   = {D. G. Lowe},
  Journal                  = {International Journal of Computer Vision},
  Year                     = {2004},
  Number                   = {2},
  Pages                    = {91-110},
  Volume                   = {60}
}

@Article{muller2012multi,
  Title                    = {Multi-instance Methods for Partially Supervised Image Segmentation},
  Author                   = {M{\"u}ller, A. and Behnke, S.},
  Journal                  = {Partially Supervised Learning},
  Year                     = {2012},
  Pages                    = {110--119},

  Publisher                = {Springer}
}

@Article{madden2007tracking,
  Title                    = {Tracking people across disjoint camera views by an illumination-tolerant appearance representation},
  Author                   = {Madden, Christopher and Cheng, Eric Dahai and Piccardi, Massimo},
  Journal                  = {Machine Vision and Applications},
  Year                     = {2007},
  Number                   = {3-4},
  Pages                    = {233--247},
  Volume                   = {18},

  Publisher                = {Springer}
}

@InCollection{maier2014can,
  Title                    = {Can Masses of Non-Experts Train Highly Accurate Image Classifiers?},
  Author                   = {Maier-Hein, Lena and Mersmann, Sven and Kondermann, Daniel and Bodenstedt, Sebastian and Sanchez, Alexandro and Stock, Christian and Kenngott, Hannes Gotz and Eisenmann, Mathias and Speidel, Stefanie},
  Booktitle                = {Medical Image Computing and Computer-Assisted Intervention--MICCAI 2014},
  Publisher                = {Springer},
  Year                     = {2014},
  Pages                    = {438--445}
}

@InProceedings{mandel2008multiple,
  Title                    = {Multiple-instance learning for music information retrieval},
  Author                   = {Mandel, M. and Ellis, D.P.W.},
  Booktitle                = {International Society for Music Information Retrieval },
  Year                     = {2008},
  Pages                    = {577--582}
}

@InProceedings{maron1998framework,
  Title                    = {A framework for multiple-instance learning},
  Author                   = {Maron, Oded and Lozano-P{\'e}rez, Tom{\'a}s},
  Booktitle                = {Advances in Neural Information Processing Systems},
  Year                     = {1998},
  Pages                    = {570--576}
}

@InProceedings{maron1998multiple,
  Title                    = {Multiple-instance learning for natural scene classification},
  Author                   = {Maron, O. and Ratan, A. L.},
  Booktitle                = {International Conference on Machine Learning},
  Year                     = {1998},
  Pages                    = {341--349},
  Volume                   = {15}
}

@InProceedings{mcdowell2007cautious,
  Title                    = {Cautious inference in collective classification},
  Author                   = {McDowell, L.K. and Gupta, K.M. and Aha, D.W.},
  Booktitle                = {National Conference on Artificial Intelligence},
  Year                     = {2007},
  Pages                    = {596--601},
  Volume                   = {7}
}

@Conference{menchetti2005weighted,
  Title                    = {{Weighted Decomposition Kernels}},
  Author                   = {Menchetti, S. and Costa, F. and Frasconi, P.},
  Booktitle                = {Proc. of ICML'05},
  Year                     = {2005},
  Organization             = {ACM},
  Pages                    = {585--592},

  ISBN                     = {1595931805}
}

@InProceedings{mendoza2012emphysema,
  Title                    = {Emphysema quantification in a multi-scanner {HRCT} cohort using local intensity distributions},
  Author                   = {Mendoza, Carlos S and Washko, George R and Ross, James C and Diaz, A A and Lynch, David A and Crapo, James D and Silverman, Edward K and Acha, Bego{\~n}a and Serrano, Carmen and Estepar, Ra{\'u}l San Jos{\'e}},
  Booktitle                = {International Symposium on Biomedical Imaging},
  Year                     = {2012},
  Pages                    = {474--477}
}

@Article{munoz2003support,
  Title                    = {Support vector machine classifiers for asymmetric proximities},
  Author                   = {Mu{\~n}oz, A. and Mart{\'\i}n de Diego, I. and Moguerza, J.},
  Journal                  = {Artificial Neural Networks and Neural Information Processing},
  Year                     = {2003},
  Pages                    = {179--179},

  Publisher                = {Springer}
}

@InProceedings{muandet2012learning,
  Title                    = {Learning from distributions via support measure machines},
  Author                   = {Muandet, Krikamol and Fukumizu, Kenji and Dinuzzo, Francesco and Sch{\"o}lkopf, Bernhard},
  Booktitle                = {Advances in neural information processing systems},
  Year                     = {2012},
  Pages                    = {10--18}
}

@Article{munkres1957algorithm,
  Title                    = {Algorithm for the Assignment and Transportation Problems},
  Author                   = {J. Munkres},
  Journal                  = {Journal of the Society for Industrial and Applied Mathematics},
  Year                     = {1957},
  Pages                    = {32-38},
  Volume                   = {5}
}

@Article{murray2006machine,
  Title                    = {Machine learning methods for predicting failures in hard drives: A multiple-instance application},
  Author                   = {Murray, Joseph F and Hughes, Gordon F and Kreutz-Delgado, Kenneth},
  Journal                  = {Journal of Machine Learning Research},
  Year                     = {2006},
  Number                   = {1},
  Pages                    = {783},
  Volume                   = {6},

  Publisher                = {Citeseer}
}

@InProceedings{musicant2007supervised,
  Title                    = {Supervised learning by training on aggregate outputs},
  Author                   = {Musicant, D.R. and Christensen, J.M. and Olson, J.F.},
  Booktitle                = {International Conference on Data Mining},
  Year                     = {2007},
  Organization             = {IEEE},
  Pages                    = {252--261}
}

@TechReport{nene1996columbia,
  Title                    = {Columbia Object Image Liberary: Coil-100},
  Author                   = {S. Nene and S. Nayar and H. Murase},
  Institution              = {Department of Computer Science, Columbia University, New York},
  Year                     = {1996}
}

@Book{neuhaus2007bridging,
  Title                    = {Bridging the gap between graph edit distance and kernel machines},
  Author                   = {Neuhaus, M. and Bunke, H.},
  Publisher                = {World Scientific},
  Year                     = {2007}
}

@InProceedings{ning2008set,
  Title                    = {The set classification problem and solution methods},
  Author                   = {Ning, X. and Karypis, G.},
  Booktitle                = {IEEE International Conference on Data Mining Workshops},
  Year                     = {2008},
  Organization             = {IEEE},
  Pages                    = {720--729}
}

@Article{pkekalska2002dissimilarity,
  Title                    = {Dissimilarity representations allow for building good classifiers},
  Author                   = {P{\k{e}}kalska, El{\.z}bieta and Duin, Robert PW},
  Journal                  = {Pattern Recognition Letters},
  Year                     = {2002},
  Number                   = {8},
  Pages                    = {943--956},
  Volume                   = {23},

  Publisher                = {Elsevier}
}

@Book{pekalska2005dissimilarity,
  Title                    = {The dissimilarity representation for pattern recognition: foundations and applications},
  Author                   = {P{\k{e}}kalska, E. and Duin, R. P. W.},
  Publisher                = {World Scientific Pub Co Inc},
  Year                     = {2005},
  Volume                   = {64}
}

@InProceedings{pekalska2001combining,
  Title                    = {On combining dissimilarity representations},
  Author                   = {P{\k{e}}kalska, E. and Duin, R. P W},
  Booktitle                = {Multiple Classifier Systems},
  Year                     = {2001},
  Pages                    = {359--368},
  Publisher                = {Springer}
}

@Article{pkekalska2006prototype,
  Title                    = {Prototype selection for dissimilarity-based classifiers},
  Author                   = {P{\k{e}}kalska, El{\.z}bieta and Duin, Robert P W and Pacl{\'\i}k, Pavel},
  Journal                  = {Pattern Recognition},
  Year                     = {2006},
  Number                   = {2},
  Pages                    = {189--208},
  Volume                   = {39},

  Publisher                = {Elsevier}
}

@InCollection{pkekalska2002discussion,
  Title                    = {A discussion on the classifier projection space for classifier combining},
  Author                   = {P{\k{e}}kalska, El{\.z}bieta and Duin, Robert P W and Skurichina, Marina},
  Booktitle                = {Multiple Classifier Systems},
  Publisher                = {Springer},
  Year                     = {2002},
  Pages                    = {137--148}
}

@InCollection{pkekalska2006non,
  Title                    = {Non-Euclidean or non-metric measures can be informative},
  Author                   = {P{\k{e}}kalska, El{\.z}bieta and Harol, Artsiom and Duin, Robert PW and Spillmann, Barbara and Bunke, Horst},
  Booktitle                = {Structural, Syntactic, and Statistical Pattern Recognition},
  Publisher                = {Springer},
  Year                     = {2006},
  Pages                    = {871--880}
}

@Article{paclik2006building,
  Title                    = {Building road-sign classifiers using a trainable similarity measure},
  Author                   = {Pacl{\'\i}k, P. and Novovicov{\'a}, J. and Duin, R. P. W.},
  Journal                  = {Intelligent Transportation Systems},
  Year                     = {2006},
  Number                   = {3},
  Pages                    = {309--321},
  Volume                   = {7},

  Publisher                = {IEEE}
}

@Article{paredes2000class,
  Title                    = {A class-dependent weighted dissimilarity measure for nearest neighbor classification problems},
  Author                   = {Paredes, R. and Vidal, E.},
  Journal                  = {Pattern Recognition Letters},
  Year                     = {2000},
  Number                   = {12},
  Pages                    = {1027--1036},
  Volume                   = {21},

  Publisher                = {Elsevier}
}

@Article{park2008texture,
  Title                    = {Texture-based quantification of pulmonary emphysema on high-resolution computed tomography: comparison with density-based quantification and correlation with pulmonary function test},
  Author                   = {Park, Yang Shin and Seo, Joon Beom and Kim, Namkug and Chae, Eun Jin and Oh, Yeon Mok and Do Lee, Sang and Lee, Youngjoo and Kang, Suk-Ho},
  Journal                  = {Investigative Radiology},
  Year                     = {2008},
  Number                   = {6},
  Pages                    = {395--402},
  Volume                   = {43},

  Publisher                = {LWW}
}

@Article{pauwels2012global,
  Title                    = {Global strategy for the diagnosis, management, and prevention of chronic obstructive pulmonary disease},
  Author                   = {Pauwels, Romain A and Buist, A Sonia and Calverley, Peter M A and Jenkins, Christine R and Hurd, Suzanne S},
  Journal                  = {Am. J. of Respir. and Crit. Care Med.},
  Year                     = {2012},
  Number                   = {5},
  Volume                   = {163},

  Publisher                = {American Thoracic Society}
}

@Article{pedersen2009danish,
  Title                    = {The {Danish} randomized lung cancer {CT} screening trial-overall design and results of the prevalence round},
  author = {Pedersen, Jesper H and others},
  Author2                  = {Pedersen, Jesper H and Ashraf, Haseem and Dirksen, Asger and Bach, Karen and Hansen, Hanne and Toennesen, Phillip and Thorsen, Hanne and Brodersen, John and Skov, Birgit Guldhammer and D{\o}ssing, Martin and Mortensen, Jann and Richter, Klaus and Clementsen, Paul and Seersholm, Niels},
  Journal                  = {J  Thorac Oncol},
  Year                     = {2009},
  Number                   = {5},
  Pages                    = {608--614},
  Volume                   = {4},

  Publisher                = {LWW}
}


@Article{pekalska2002dissimilarity,
  Title                    = {Dissimilarity Representations Allow for Building Good Classifiers},
  Author                   = {E. Pekalska and R.P.W. Duin},
  Journal                  = {Pattern Recognition Letters},
  Year                     = {2002},
  Number                   = {8},
  Pages                    = {943-956},
  Volume                   = {23}
}

@Book{ER05,
  Title                    = {The Dissimilarity Representation for Pattern Recognition. Fundations and Applications},
  Author                   = {E. Pekalska and R. P. W. Duin},
  Publisher                = {Singapore: World Scientific },
  Year                     = {2005}
}

@Article{pekalska2002generalized,
  Title                    = {{A Generalized Kernel Approach to Dissimilarity-Based Classification}},
  Author                   = {Pekalska, E. and Paclik, P. and Duin, R.P.W.},
  Journal                  = {The Journal of Machine Learning Research},
  Year                     = {2002},
  Pages                    = {175--211},
  Volume                   = {2},

  ISSN                     = {1532-4435},
  Publisher                = {JMLR. org}
}

@InProceedings{calana2012using,
  Title                    = {On Using Asymmetry Information for Classification in Extended Dissimilarity Spaces.},
  Author                   = {Plasencia Calana, Y. and Garcia Reyes, E. and Duin, R. P. W. and Orozco-Alzate, M.},
  Booktitle                = {Iberoamerican Congress on Pattern Recognition},
  Year                     = {2012},
  Pages                    = {503-510},
  Volume                   = {7441}
}

@InProceedings{prest2012learning,
  Title                    = {Learning object class detectors from weakly annotated video},
  Author                   = {Prest, Alessandro and Leistner, Christian and Civera, Javier and Schmid, Cordelia and Ferrari, Vittorio},
  Booktitle                = {Computer Vision and Pattern Recognition},
  Year                     = {2012},
  Organization             = {IEEE},
  Pages                    = {3282--3289}
}

@Article{qaseem2011diagnosis,
  Title                    = {Diagnosis and management of stable chronic obstructive pulmonary disease: a clinical practice guideline update from the American College of Physicians, American College of Chest Physicians, American Thoracic Society, and European Respiratory Society},
  Author                   = {Qaseem, Amir and Wilt, Timothy J and Weinberger, Steven E and Hanania, Nicola A and Criner, Gerard and van der Molen, Thys and Marciniuk, Darcy D and Denberg, Tom and Schu�nemann, Holger and Wedzicha, Wisia and others},
  Journal                  = {Annals of Internal Medicine},
  Year                     = {2011},
  Number                   = {3},
  Pages                    = {179--191},
  Volume                   = {155},

  Publisher                = {American College of Physicians}
}

@Article{qiu2007clustering,
  Title                    = {Clustering and Embedding Using Commute Times},
  Author                   = {H.J. Qiu and E.R. Hancock},
  Journal                  = {IEEE Transactions on Pattern Analysis and Machine Intelligence},
  Year                     = {2007},
  Pages                    = {1873-1890},
  Volume                   = {29}
}

@Article{quadrianto2009estimating,
  Title                    = {Estimating labels from label proportions},
  Author                   = {Quadrianto, Novi and Smola, Alex J and Caetano, Tib{\'e}rio S and Le, Quoc V},
  Journal                  = {Journal of Machine Learning Research},
  Year                     = {2009},
  Pages                    = {2349--2374},
  Volume                   = {10},

  Publisher                = {JMLR. org}
}

@Article{rabe2007global,
  Title                    = {Global strategy for the diagnosis, management, and prevention of chronic obstructive pulmonary disease: GOLD executive summary},
  Author                   = {Rabe, Klaus F and Hurd, Suzanne and Anzueto, Antonio and Barnes, Peter J and Buist, Sonia A and Calverley, Peter and Fukuchi, Yoshinosuke and Jenkins, Christine and Rodriguez-Roisin, Roberto and van Weel, Chris and others},
  Journal                  = {American Journal of Respiratory and Critical Care Medicine},
  Year                     = {2007},
  Number                   = {6},
  Pages                    = {532--555},
  Volume                   = {176},

  Publisher                = {American Thoracic Society}
}

@InProceedings{rahmani2005localized,
  Title                    = {Localized content based image retrieval},
  Author                   = {Rahmani, R. and Goldman, S.A. and Zhang, H. and Krettek, J. and Fritts, J.E.},
  Booktitle                = {International Workshop on Multimedia Information Retrieval},
  Year                     = {2005},
  Organization             = {ACM},
  Pages                    = {227--236}
}

@Article{ramirez2012document,
  Title                    = {A document is known by the company it keeps: neighborhood consensus for short text categorization},
  Author                   = {Ram{\'\i}rez-de-la-Rosa, G. and Montes-y-G{\'o}mez, M. and Solorio, T. and Villasenor-Pineda, L.},
  Journal                  = {Language Resources and Evaluation},
  Year                     = {2012},
  Pages                    = {1--23},

  Publisher                = {Springer}
}

@Conference{ramon2003expressivity,
  Title                    = {{Expressivity Versus Efficiency of Graph Kernels}},
  Author                   = {Ramon, J. and G\"{a}rtner, T.},
  Booktitle                = {First International Workshop on Mining Graphs, Trees and Sequences},
  Year                     = {2003},
  Organization             = {Citeseer},
  Pages                    = {65--74}
}

@Article{rasmussen2012model,
  Title                    = {Model sparsity and brain pattern interpretation of classification models in neuroimaging},
  Author                   = {Rasmussen, Peter M and Hansen, Lars K and Madsen, Kristoffer H and Churchill, Nathan W and Strother, Stephen C},
  Journal                  = {Pattern Recognition},
  Year                     = {2012},
  Number                   = {6},
  Pages                    = {2085--2100},
  Volume                   = {45},

  Publisher                = {Elsevier}
}

@InProceedings{ray2005supervised,
  Title                    = {Supervised versus multiple instance learning: An empirical comparison},
  Author                   = {Ray, S. and Craven, M.},
  Booktitle                = {International Conference on Machine learning},
  Year                     = {2005},
  Organization             = {ACM},
  Pages                    = {697--704}
}

@InProceedings{raykar2008bayesian,
  Title                    = {Bayesian multiple instance learning: automatic feature selection and inductive transfer},
  Author                   = {Raykar, V. C. and Krishnapuram, B. and Bi, J. and Dundar, M. and Rao, R. B.},
  Booktitle                = {International Conference on Machine Learning},
  Year                     = {2008},
  Organization             = {ACM},
  Pages                    = {808--815}
}

@Article{riesen2010iam,
  Title                    = {{IAM Graph Database Repository for Graph Based Pattern Recognition and Machine Learning}},
  Author                   = {Riesen, K. and Bunke, H.},
  Journal                  = {Structural, Syntactic, and Statistical Pattern Recognition},
  Year                     = {2010},
  Pages                    = {287--297},

  Publisher                = {Springer}
}

@Article{riesen2009approximate,
  Title                    = {Approximate Graph Edit Distance Computation by Means of
 Bipartite Graph Matching},
  Author                   = {K. Riesen and
 H. Bunke},
  Journal                  = {Image and Vision Computing},
  Year                     = {2009},
  Number                   = {7},
  Pages                    = {950-959},
  Volume                   = {27}
}

@InProceedings{riesen2009cluster,
  Title                    = {Cluster Ensembles Based on Vector Space Embeddings of Graphs},
  Author                   = {K. Riesen and
 H. Bunke},
  Booktitle                = {Multiple Classifier Systems},
  Year                     = {2009},
  Pages                    = {211-221}
}

@InProceedings{riesen2009feature,
  Title                    = {Feature Ranking Algorithms for Improving Classification
 of Vector Space Embedded Graphs},
  Author                   = {K. Riesen and
 H. Bunke},
  Booktitle                = {CAIP},
  Year                     = {2009},
  Pages                    = {377-384}
}

@Article{riesen2009graph,
  Title                    = {Graph Classification Based on Vector Space Embedding},
  Author                   = {K. Riesen and H. Bunke},
  Journal                  = {International Journal of Pattern Recognition and Artificial Intelligence},
  Year                     = {2009},
  Number                   = {6},
  Pages                    = {1053-1081},
  Volume                   = {23}
}

@InProceedings{riesen2009efficient,
  Title                    = {Efficient Suboptimal Graph Isomorphism},
  Author                   = {K. Riesen and
 S. Fankhauser and
 H. Bunke and
 P. J. Dickinson},
  Booktitle                = {GbRPR},
  Year                     = {2009},
  Pages                    = {124-133}
}

@InProceedings{riesen2007bipartite,
  Title                    = {Bipartite Graph Matching for Computing the Edit Distance
 of Graphs},
  Author                   = {K. Riesen and
 M. Neuhaus and
 H. Bunke},
  Booktitle                = {GbRPR},
  Year                     = {2007},
  Pages                    = {1-12}
}

@Article{rubner2000earth,
  Title                    = {The earth mover's distance as a metric for image retrieval},
  Author                   = {Rubner, Y. and Tomasi, C. and Guibas, L.J.},
  Journal                  = {International Journal of Computer Vision},
  Year                     = {2000},
  Number                   = {2},
  Pages                    = {99--121},
  Volume                   = {40},

  Publisher                = {Springer}
}

@Article{rueda2004new,
  Title                    = {New bounds and approximations for the error of linear classifiers},
  Author                   = {Rueda, L.},
  Journal                  = {Progress in Pattern Recognition, Image Analysis and Applications},
  Year                     = {2004},
  Pages                    = {51--70},

  Publisher                = {Springer}
}

@InCollection{sorensen2009learning,
  Title                    = {Learning {COPD} sensitive filters in pulmonary {CT}},
  Author                   = {S{\o}rensen, Lauge and Lo, Pechin and Ashraf, Haseem and Sporring, Jon and Nielsen, Mads and de Bruijne, Marleen},
  Booktitle                = {Medical Image Computing and Computer-Assisted Intervention},
  Year                     = {2009},
  Pages                    = {699--706}
}

@InProceedings{sorensen2011dissimilarity,
  Title                    = {Dissimilarity-based classification of anatomical tree structures},
  Author                   = {S{\o}rensen, Lauge and Lo, Pechin and Dirksen, Asger and Petersen, Jens and De Bruijne, Marleen},
  Booktitle                = {Information Processing in Medical Imaging},
  Year                     = {2011},
  Pages                    = {475--485}
}

@InCollection{sorensen2010image,
  Title                    = {Image dissimilarity-based quantification of lung disease from {CT}},
  Author                   = {S{\o}rensen, Lauge and Loog, Marco and Lo, Pechin and Ashraf, Haseem and Dirksen, Asger and Duin, Robert P W and de Bruijne, Marleen},
  Booktitle                = {Medical Image Computing and Computer-Assisted Intervention},
  Year                     = {2010},
  Pages                    = {37--44}
}

@InProceedings{sorensen2010dissimilarity,
  Title                    = {Dissimilarity-based multiple instance learning},
  Author                   = {S{\o}rensen, L. and Loog, M. and Tax, D. M J and Lee, Wan-Jui and de Bruijne, M. and Duin, R. P W},
  Booktitle                = {Structural, Syntactic, and Statistical Pattern Recognition},
  Year                     = {2010},
  Pages                    = {129--138},
  Publisher                = {Springer}
}

@Article{sorensen2012texture,
  Title                    = {Texture-based analysis of {COPD}: a data-driven approach},
  Author                   = {S{\o}rensen, Lauge and Nielsen, Mads and Lo, Pechin and Ashraf, Haseem and Pedersen, Jesper H and de Bruijne, Marleen},
  Journal                  = {TMI},
  Year                     = {2012},
  Number                   = {1},
  Pages                    = {70--78},
  Volume                   = {31}
}

@Article{srensen2010quantitative,
  Title                    = {Quantitative analysis of pulmonary emphysema using local binary patterns},
  Author                   = {S{\o}rensen, L and Shaker, Saher B and de Bruijne, Marleen},
  Journal                  = {IEEE Transactions on Medical Imaging},
  Year                     = {2010},
  Number                   = {2},
  Pages                    = {559--569},
  Volume                   = {29}
}

@Article{samsudin2010nearest,
  Title                    = {Nearest neighbour group-based classification},
  Author                   = {Samsudin, Noor A and Bradley, Andrew P},
  Journal                  = {Pattern Recognition},
  Year                     = {2010},
  Number                   = {10},
  Pages                    = {3458--3467},
  Volume                   = {43},

  Publisher                = {Elsevier}
}

@Article{scott2005generalized,
  Title                    = {On generalized multiple-instance learning},
  Author                   = {Scott, S. and Zhang, J. and Brown, J.},
  Journal                  = {International Journal of Computational Intelligence and Applications},
  Year                     = {2005},
  Number                   = {01},
  Pages                    = {21--35},
  Volume                   = {5},

  Publisher                = {World Scientific}
}

@InCollection{sen2010collective,
  Title                    = {Collective Classification},
  Author                   = {Sen, Prithviraj and Namata, Galileo and Bilgic, Mustafa and Getoor, Lise},
  Booktitle                = {Encyclopedia of Machine Learning},
  Publisher                = {Springer},
  Year                     = {2010},
  Pages                    = {189--193}
}

@Article{sen2008collective,
  Title                    = {Collective classification in network data},
  Author                   = {Sen, Prithviraj and Namata, Galileo and Bilgic, Mustafa and Getoor, Lise and Galligher, Brian and Eliassi-Rad, Tina},
  Journal                  = {AI magazine},
  Year                     = {2008},
  Number                   = {3},
  Pages                    = {93},
  Volume                   = {29}
}

@InCollection{shotton2006textonboost,
  Title                    = {Textonboost: Joint appearance, shape and context modeling for multi-class object recognition and segmentation},
  Author                   = {Shotton, Jamie and Winn, John and Rother, Carsten and Criminisi, Antonio},
  Booktitle                = {European Conference on Computer Vision},
  Publisher                = {Springer},
  Year                     = {2006},
  Pages                    = {1--15}
}

@InCollection{skurichina2001bagging,
  Title                    = {Bagging and the random subspace method for redundant feature spaces},
  Author                   = {Skurichina, Marina and Duin, Robert P W},
  Booktitle                = {Multiple Classifier Systems},
  Publisher                = {Springer},
  Year                     = {2001},
  Pages                    = {1--10}
}

@InProceedings{srinivasan1995comparing,
  Title                    = {Comparing the use of background knowledge by inductive logic programming systems},
  Author                   = {Srinivasan, A. and Muggleton, S. and King, R.D.},
  Booktitle                = {International Workshop on Inductive Logic Programming},
  Year                     = {1995},
  Pages                    = {199--230}
}

@Article{tonnesen2013smoking,
  Title                    = {Smoking cessation and {COPD}},
  Author                   = {T{\o}nnesen, Philip},
  Journal                  = {European Respiratory Review},
  Year                     = {2013},
  Number                   = {127},
  Pages                    = {37--43},
  Volume                   = {22},

  Publisher                = {European Respiratory Society}
}

@InProceedings{tao2004svm,
  Title                    = {SVM-based generalized multiple-instance learning via approximate box counting},
  Author                   = {Tao, Q. and Scott, S. and Vinodchandran, NV and Osugi, T.T.},
  Booktitle                = {International Conference on Machine learning},
  Year                     = {2004},
  Organization             = {ACM},
  Pages                    = {101}
}

@Article{tao2008kernels,
  Title                    = {Kernels for Generalized Multiple-Instance Learning},
  Author                   = {Q. Tao and S.D. Scott and N.V. Vinodchandran and T.T. Osugi and B. Mueller},
  Journal                  = {IEEE Transaction on Pattern Analysis and Machine Intelligence},
  Year                     = {2008},
  Number                   = {12},
  Pages                    = {2084-2098},
  Volume                   = {30}
}

@InProceedings{taskar2005learning,
  Title                    = {Learning structured prediction models: A large margin approach},
  Author                   = {Taskar, Ben and Chatalbashev, Vassil and Koller, Daphne and Guestrin, Carlos},
  Booktitle                = {International Conference on Machine learning},
  Year                     = {2005},
  Organization             = {ACM},
  Pages                    = {896--903}
}

@Misc{MIL2011,
  Title                    = {{MIL}, A {MATLAB} toolbox for multiple instance learning},

  Author                   = {Tax, D. M. J.},
  Month                    = {June},
  Note                     = {version 1.0.0},
  Year                     = {2014},

  Url                      = {\url{http://prlab.tudelft.nl/david-tax/mil.html}}
}

@InProceedings{tax2008learning,
  Title                    = {Learning curves for the analysis of multiple instance classifiers},
  Author                   = {Tax, D M J and Duin, R P W},
  Booktitle                = {Structural, Syntactic, and Statistical Pattern Recognition},
  Year                     = {2008},
  Pages                    = {724--733},
  Publisher                = {Springer}
}

@InProceedings{tax2011bag,
  Title                    = {Bag dissimilarities for multiple instance learning},
  Author                   = {Tax, D M J and Loog, M. and Duin, R P W and Cheplygina, V. and Lee, Wan-Jui},
  Booktitle                = {Similarity-Based Pattern Recognition},
  Year                     = {2011},
  Pages                    = {222--234},
  Publisher                = {Springer}
}

@Article{tax2000combining,
  Title                    = {Combining multiple classifiers by averaging or by multiplying?},
  Author                   = {Tax, David M J and Van Breukelen, Martijn and Duin, Robert P W and Kittler, Josef},
  Journal                  = {Pattern Recognition},
  Year                     = {2000},
  Number                   = {9},
  Pages                    = {1475--1485},
  Volume                   = {33},

  Publisher                = {Elsevier}
}

@InProceedings{tragante2011instance,
  Title                    = {Instance-level accuracy versus bag-level accuracy in multi-instance learning},
  Author                   = {Tragante do O, V. and Fierens, D. and Blockeel, H.},
  Booktitle                = {Benelux Conference on Artificial Intelligence},
  Year                     = {2011}
}

@InProceedings{tsochantaridis2004support,
  Title                    = {Support vector machine learning for interdependent and structured output spaces},
  Author                   = {Tsochantaridis, Ioannis and Hofmann, Thomas and Joachims, Thorsten and Altun, Yasemin},
  Booktitle                = {International Conference on Machine learning},
  Year                     = {2004},
  Organization             = {ACM},
  Pages                    = {104}
}

@Article{tsoumakas2007multi,
  Title                    = {Multi-label classification: An overview},
  Author                   = {Tsoumakas, Grigorios and Katakis, Ioannis},
  Journal                  = {International Journal of Data Warehousing and Mining},
  Year                     = {2007},
  Number                   = {3},
  Pages                    = {1--13},
  Volume                   = {3},

  Publisher                = {IGI Global}
}

@Article{uppaluri1997quantification,
  Title                    = {Quantification of pulmonary emphysema from lung computed tomography images},
  Author                   = {Uppaluri, Renuka and Mitsa, Theophano and Sonka, Milan and Hoffman, Eric A and McLennan, Geoffrey},
  Journal                  = {American Journal of Respiratory and Critical Care Medicine},
  Year                     = {1997},
  Number                   = {1},
  Pages                    = {248--254},
  Volume                   = {156},

  Publisher                = {Am Thoracic Soc}
}

@Article{van2008visualizing,
  Title                    = {Visualizing data using t-SNE},
  Author                   = {Van der Maaten, L. and Hinton, G.},
  Journal                  = {Journal of Machine Learning Research},
  Year                     = {2008},
  Number                   = {2579-2605},
  Pages                    = {85},
  Volume                   = {9}
}

@InProceedings{vanwinckelen2014meta,
  Title                    = {A meta-learning system for multi-instance classification},
  Author                   = {Vanwinckelen, Gitte and Blockeel, Hendrik},
  Booktitle                = {Proceedings of the ECML-14 Workshop on Learning over Multiple Contexts},
  Year                     = {2014},
  Pages                    = {1--14}
}

@Book{vapnik1995nature,
  Title                    = {The Nature of Statistical Learning Theory},
  Author                   = {V. Vapnik},
  Publisher                = {New York: Springer-Verlag},
  Year                     = {1995}
}

@InProceedings{vaswani2002linear,
  Title                    = {A linear classifier for gaussian class conditional distributions with unequal covariance matrices},
  Author                   = {Vaswani, N.},
  Booktitle                = {International Conference on Pattern Recognition},
  Year                     = {2002},
  Organization             = {IEEE},
  Pages                    = {60--63},
  Volume                   = {2}
}

@InProceedings{vezhnevets2010towards,
  Title                    = {Towards weakly supervised semantic segmentation by means of multiple instance and multitask learning},
  Author                   = {Vezhnevets, Alexander and Buhmann, Joachim M},
  Booktitle                = {Computer Vision and Pattern Recognition},
  Year                     = {2010},
  Organization             = {IEEE},
  Pages                    = {3249--3256}
}

@InProceedings{vijayanarasimhan2008keywords,
  Title                    = {Keywords to visual categories: Multiple-instance learning forweakly supervised object categorization},
  Author                   = {Vijayanarasimhan, Sudheendra and Grauman, Kristen},
  Booktitle                = {Computer Vision and Pattern Recognition},
  Year                     = {2008},
  Organization             = {IEEE},
  Pages                    = {1--8}
}

@InProceedings{viola2006multiple,
  Title                    = {Multiple instance boosting for object detection},
  Author                   = {Viola, P. and Platt, J. and Zhang, C.},
  Booktitle                = {NIPS},
  Year                     = {2005},
  pages={1417--1424},
}

@article{breiman1996bagging,
  title={Bagging predictors},
  author={Breiman, Leo},
  journal={Machine learning},
  volume={24},
  number={2},
  pages={123--140},
  year={1996},
  publisher={Springer}
}

@InCollection{vural2006batch,
  Title                    = {Batch classification with applications in computer aided diagnosis},
  Author                   = {Vural, Volkan and Fung, Glenn and Krishnapuram, Balaji and Dy, Jennifer and Rao, Bharat},
  Booktitle                = {European Conference on Machine Learning},
  Publisher                = {Springer},
  Year                     = {2006},
  Pages                    = {449--460}
}

@InProceedings{wang2008adaptive,
  Title                    = {Adaptive p-posterior mixture-model kernels for multiple instance learning},
  Author                   = {Wang, H. Y. and Yang, Q. and Zha, H.},
  Booktitle                = {International Conference on Machine Learning},
  Year                     = {2008},
  Pages                    = {1136--1143}
}

@InProceedings{wang2000solving,
  Title                    = {Solving the multiple-instance problem: A lazy learning approach},
  Author                   = {Wang, J.},
  Booktitle                = {International Conference on Machine Learning},
  Year                     = {2000}
}

@InProceedings{weidmann2003two,
  Title                    = {A two-level learning method for generalized multi-instance problems},
  Author                   = {Weidmann, N. and Frank, E. and Pfahringer, B.},
  Booktitle                = {European Conference on Machine Learning},
  Year                     = {2003},
  Pages                    = {468--479},
  Publisher                = {Springer}
}

@Article{weinberger2009distance,
  Title                    = {Distance metric learning for large margin nearest neighbor classification},
  Author                   = {Weinberger, K. Q. and Saul, L. K.},
  Journal                  = {The Journal of Machine Learning Research},
  Year                     = {2009},
  Pages                    = {207--244},
  Volume                   = {10},

  Publisher                = {JMLR.org}
}

@Article{wilson2005pattern,
  Title                    = {Pattern Vectors from Algebraic Graph Theory},
  Author                   = {R.C. Wilson and B. Luo and E.R. Hancock},
  Journal                  = {IEEE Transactions on Pattern Analysis and Machine Intelligence},
  Year                     = {2005},
  Pages                    = {1112-1124},
  Volume                   = {27}
}

@Article{wolf2003learning,
  Title                    = {Learning over sets using kernel principal angles},
  Author                   = {Wolf, Lior and Shashua, Amnon},
  Journal                  = {Journal of Machine Learning Research},
  Year                     = {2003},
  Pages                    = {913--931},
  Volume                   = {4},

  Publisher                = {JMLR. org}
}

@InProceedings{woznica2010adaptive,
  Title                    = {Adaptive Distances on Sets of Vectors},
  Author                   = {Woznica, A. and Kalousis, A.},
  Booktitle                = {International Conference on Data Mining},
  Year                     = {2010},
  Organization             = {IEEE},
  Pages                    = {579--588}
}

@PhdThesis{xu2003statistical,
  Title                    = {Statistical learning in multiple instance problems},
  Author                   = {Xu, X.},
  School                   = {the University of Waikato},
  Year                     = {2003}
}

@InProceedings{xu2012multiple,
  Title                    = {Multiple clustered instance learning for histopathology cancer image classification, segmentation and clustering},
  Author                   = {Xu, Yan and Zhu, Jun-Yan and Chang, Eric and Tu, Zhuowen},
  Booktitle                = {Computer Vision and Pattern Recognition (CVPR), 2012 IEEE Conference on},
  Year                     = {2012},
  Organization             = {IEEE},
  Pages                    = {964--971}
}

@Article{zafra2010reducing,
  Title                    = {Reducing dimensionality in multiple instance learning with a filter method},
  Author                   = {Zafra, A. and Pechenizkiy, M. and Ventura, S.},
  Journal                  = {Hybrid Artificial Intelligence Systems},
  Year                     = {2010},
  Pages                    = {35--44},

  Publisher                = {Springer}
}

@Article{zhang2009multi2,
  Title                    = {Multi-instance clustering with applications to multi-instance prediction},
  Author                   = {Zhang, Min-Ling and Zhou, Zhi-Hua},
  Journal                  = {Applied Intelligence},
  Year                     = {2009},
  Number                   = {1},
  Pages                    = {47--68},
  Volume                   = {31},

  Publisher                = {Springer}
}

@InProceedings{zhang2001dd,
  Title                    = {EM-DD: An improved multiple-instance learning technique},
  Author                   = {Zhang, Q. and Goldman, S.A. and others},
  Booktitle                = {Advances in Neural Information Processing Systems},
  Year                     = {2001},
  Pages                    = {1073--1080},
  Publisher                = {Cambridge, MA: MIT Press},
  Volume                   = {14}
}

@Article{zhao2005new,
  Title                    = {A new {Hausdorff} distance for image matching},
  Author                   = {Zhao, C. and Shi, W. and Deng, Y.},
  Journal                  = {Pattern Recognition Letters},
  Year                     = {2005},
  Number                   = {5},
  Pages                    = {581--586},
  Volume                   = {26},

  Publisher                = {Elsevier}
}

@Article{zhou2006sample,
  Title                    = {From sample similarity to ensemble similarity: Probabilistic distance measures in reproducing kernel hilbert space},
  Author                   = {Zhou, Shaohua Kevin and Chellappa, Rama},
  Journal                  = {IEEE Transactions on Pattern Analysis and Machine Intelligence},
  Year                     = {2006},
  Number                   = {6},
  Pages                    = {917--929},
  Volume                   = {28},

  Publisher                = {IEEE}
}

@InProceedings{zhou2010promoter,
  Title                    = {Promoter prediction based on a multiple instance learning scheme},
  Author                   = {Zhou, X. and Ruan, J. and Zhang, W.},
  Booktitle                = {International Conference on Bioinformatics and Computational Biology},
  Year                     = {2010},
  Organization             = {ACM},
  Pages                    = {295--301}
}

@Article{zhou2005multi,
  Title                    = {Multi-instance learning based web mining},
  Author                   = {Zhou, Z. H. and Jiang, K. and Li, M.},
  Journal                  = {Applied Intelligence},
  Year                     = {2005},
  Number                   = {2},
  Pages                    = {135--147},
  Volume                   = {22},

  Publisher                = {Springer}
}

@InProceedings{zhou2009multi,
  Title                    = {Multi-instance learning by treating instances as non-IID samples},
  Author                   = {Zhou, Z. H. and Sun, Y. Y. and Li, Y. F.},
  Booktitle                = {International Conference on Machine Learning},
  Year                     = {2009},
  Organization             = {ACM},
  Pages                    = {1249--1256}
}

@TechReport{zhou2004multi,
  Title                    = {Multi-instance learning: A survey},
  Author                   = {Zhou, Zhi-Hua},
  Institution              = {Department of Computer Science and Technology, Nanjing University},
  Year                     = {2004}
}

@InProceedings{zhou2007relation,
  Title                    = {On the relation between multi-instance learning and semi-supervised learning},
  Author                   = {Zhou, Zhi-Hua and Xu, Jun-Ming},
  Booktitle                = {International conference on Machine learning},
  Year                     = {2007},
  Organization             = {ACM},
  Pages                    = {1167--1174}
}

@Article{zhou2007multi,
  Title                    = {Multi-instance multi-label learning with application to scene classification},
  Author                   = {Zhou, Zhi-Hua and Zhang, Min-Ling},
  Journal                  = {Advances in Neural Information Processing Systems},
  Year                     = {2007},
  Pages                    = {1609},
  Volume                   = {19},

  Publisher                = {MIT; 1998}
}

@InProceedings{zhou2006multi,
  Title                    = {Multi-instance multi-label learning with application to scene classification},
  Author                   = {Zhou, Zhi-Hua and Zhang, Min-Ling},
  Booktitle                = {Advances in Neural Information Processing Systems},
  Year                     = {2006},
  Pages                    = {1609--1616}
}

@InProceedings{zhu20041,
  Title                    = {1-norm support vector machines},
  Author                   = {Zhu, Ji and Rosset, Saharon and Hastie, Trevor and Tibshirani, Rob},
  Booktitle                = {Advances in Neural Information Processing Systems},
  Year                     = {2004},
  Number                   = {1},
  Pages                    = {49--56},
  Publisher                = {The MIT Press},
  Volume                   = {16}
}

@TechReport{zhu05survey,
  Title                    = {Semi-Supervised Learning Literature Survey},
  Author                   = {Xiaojin Zhu},
  Institution              = {Computer Sciences, University of Wisconsin-Madison},
  Year                     = {2005},
  Number                   = {1530}
}

